3325 5359
1683 292 2156 353 —138—

876 461 1151 527 ferventi
1196 510 1210 525 .
1238 509 1293 525 ..
1342 481 1377 526 e
1422 459 1688 525 vulnere
1731 460 1970 526 traxit'.
2017 459 2138 525 VII
2184 464 2307 526 849
2355 460 2644 526 ‘vulnera
2687 481 2882 528 saeva
2921 458 3094 543 ligo'3

732 565 813 631 de
860 564 1087 631 eadem
1130 585 1202 631 re
1248 569 1372 631 846
1407 564 1728 629 ‘vulnere'.
1803 562 1864 629 X
1915 568 2032 629 187
2069 563 2280 630 ‘modo
2319 564 2537 630 tristia
2565 565 2834 631 vulnera
2864 564 3096 643 siccat',

732 670 957 735 eodem
1006 688 1198 735 sensu
1247 668 1543 751 sequitur
1588 673 1708 735 189
1753 672 1917 733 ‘erat
1957 666 2433 733 immedicabile
2471 668 2740 746 vulnus’,
2789 689 2917 753 quo
2957 667 3095 733 loco

728 773 1000 857 pluralis
1071 777 1343 857 propter
1404 771 1794 838 attributum
1856 770 2149 837 exhiberi
2200 792 2328 837 non
2371 775 2662 856 pot-erat:
2734 771 3098 837 immedica-

725 877 918 958 bilia3
980 875 1061 943 de
1104 875 1329 941 eodem
1375 876 1639 941 vulnere
1707 876 1904 941 etiam
1954 880 2074 941 197
2124 878 2284 959 sing.
2343 881 2564 956 ‘tuum‚
2613 897 2762 941 mea
2821 875 3098 954 crimina,

729 980 997 1046 vulnus’.
1088 980 1259 1045 Fast.
1293 979 1348 1044 V
1378 984 1503 1044 402
1550 984 1740 1045 ‘vana
1772 978 2042 1045 vulnera
2085 979 2327 1045 mulcet
2370 980 2534 1064 ope’‚
2577 978 2658 1044 de
2691 1001 2821 1045 uno
2850 985 3098 1044 tantum

730 1084 993 1151 vulnere
1036 1084 1143 1165 agi
1189 1082 1401 1149 elucet
1443 1104 1497 1148 e.
1542 1106 1599 1147 v.
1646 1088 1790 1149 399.
1881 1082 1955 1147 A.
1989 1104 2046 1148 a.
2095 1082 2187 1148 111
2235 1087 2357 1149 738
2405 1083 2626 1148 ‘fixisti
2669 1089 2901 1167 pectus
2949 1083 3097 1175 ami-

732 1210 913 1255 cum:
960 1188 1067 1252 hio
1110 1187 1291 1253 locus
1336 1208 1377 1252 a
1421 1186 1752 1271 Caephalo
1800 1185 2068 1252 vulnera
2109 1207 2367 1271 semper
2409 1186 2650 1251 habet'.

905 1290 1375 1374 ululatusl).
1452 1290 1625 1357 Plur.
1671 1290 1822 1355 inde
1868 1311 1908 1353 a
1952 1289 2320 1369 Catulle,
2368 1291 2480 1375 qui
2526 1311 2603 1356 eo
2642 1290 2854 1356 utitur
2902 1296 3002 1369 63,
3029 1296 3098 1355 24

733 1397 799 1461 in
846 1393 1214 1479 galliambis
1259 1394 1488 1459 ‘acutis
1533 1393 1891 1460 ululatibus
1935 1393 2224 1477 agitant’.
2313 1394 2423 1459 Ve
2443 1393 2753 1477 rgilius
2799 1395 3105 1478 singulari

733 1504 801 1565 et
843 1497 1083 1584 plurali
1127 1499 1495 1583 promiscue
1540 1498 1781 1563 utitur:
1829 1500 1940 1563 Ae.
1987 1496 2082 1563 XI
2126 1502 2249 1563 190
2293 1518 2426 1562 acc.
2458 1497 2626 1582 plur.
2674 1498 3106 1582 ‘ululatusque

732 1623 845 1668 ore
908 1601 1189 1668 dedere’.
1281 1602 1402 1667 VII
1463 1606 1585 1669 395
1649 1601 1777 1670 abl.
1822 1601 1988 1686 plur.
2035 1600 2365 1667 ‘tremulis
2420 1600 2779 1667 ululatibus
2839 1602 3106 1668 aethera

735 1706 1095 1791 complere’.
1168 1706 1409 1771 Contra
1452 1704 1581 1772 abl.
1618 1706 1780 1789 sing.
1828 1708 1938 1770 Ae.
1983 1704 2073 1769 IV
2117 1710 2240 1771 667
2286 1706 2678 1788 ‘gemituque
2725 1711 2791 1770 et
2836 1705 3106 1771 femineo

731 1810 1025 1889 ululatu’‚
1069 1808 1239 1875 idem
1285 1809 1378 1874 IX
1422 1815 1568 1876 477.
1643 1808 1824 1875 Idem
1869 1830 2024 1874 usus
2075 1808 2255 1892 apud.
2296 1808 2675 1874 Ovidium
2719 1808 2952 1875 obvius
2999 1817 3108 1875 est.

734 1913 920 1983 Nom.
963 1913 1128 1997 plur.
1176 1919 1323 1981 met.
1371 1913 1462 1979 XI
1515 1919 1587 1979 17
1636 1912 1938 1996 ‘plausus
1992 1916 2057 1977 et
2101 1911 2382 1977 Bacchei
2439 1912 2776 1978 ululatus’.
2869 1912 3109 1978 Ceteris

734 2018 896 2083 locis
962 2017 1087 2081 abl.
1132 2016 1299 2101 plur.
1361 2016 1646 2082 occurrit
1702 2022 1967 2100 praeter
2027 2020 2176 2080 met.
2221 2015 2279 2080 V
2332 2021 2447 2081 153
2495 2015 2903 2099 ‘ululatuque
2947 2018 3109 2083 atria

736 2120 1097 2206 complent’.
1148 2121 1351 2205 Epist.
1393 2121 1449 2186 V
1492 2125 1570 2185 73
1620 2119 2030 2203 ‘implevique
2071 2169 2083 2182 .
2121 2169 2132 2183 .
2183 2119 2471 2203 querulis
2513 2119 2878 2187 ululatibus
2924 2120 3109 2186 Iden'.

734 2224 888 2289 Met.
919 2224 1012 2289 111
1045 2229 1166 2290 179
1213 2223 1593 2307 ‘subitisque
1636 2222 1994 2288 ululatibus
2035 2244 2222 2289 omne
2268 2223 2626 2307 Implevere
2669 2224 2939 2289 nemus’.
2996 2230 3108 2291 528

736 2327 1068 2411 ‘festisque
1101 2377 1114 2391 .
1142 2377 1155 2391 .
1186 2326 1543 2393 ululatibus
1584 2327 1764 2410 agri’.
1817 2332 1939 2393 706
1972 2326 2198 2409 ‘longis
2233 2325 2590 2393 ululatibus
2622 2327 2849 2392 aether
2877 2328 3108 2393 Movit’.

737 2432 857 2496 VII
907 2436 1029 2496 190
1074 2432 1426 2516 ‘ternisque
1467 2429 1863 2509 ululatibus’,
1907 2430 1949 2494 i.
1983 2429 2055 2495 V.
2087 2453 2148 2515 p.
2211 2430 2357 2497 XIV
2407 2435 2532 2496 405
2580 2430 2806 2514 ‘longis
2850 2432 3108 2498 ululati-

735 2536 858 2603 bus
903 2535 1086 2603 or-at’.
1130 2534 1304 2602 Fast.
1349 2534 1437 2600 IV
1483 2538 1608 2601 453
1653 2539 1721 2598 et
1765 2534 1850 2597 VI
1899 2539 2022 2601 513
2065 2535 2106 2598 i.
2155 2535 2227 2599 V.
2276 2557 2337 2619 p.

908 2637 1249 2703 umbrae
1272 2637 1344 2723 2).
1434 2637 1776 2703 Lucretius
1822 2643 1887 2701 et
1923 2637 2214 2703 Catullus
2259 2636 2578 2723 pluralem
2623 2659 2752 2703 non
2797 2638 2930 2705 nisi
2973 2661 3110 2724 pro·

736 2743 881 2828 prio
928 2762 1123 2807 sensu
1169 2741 1633 2808 exhibuerunt:
1714 2741 1794 2806 de
1851 2742 2062 2806 noctis
2109 2746 2176 2806 et
2234 2750 2554 2807 nocturna
2597 2742 2834 2808 umbra
2887 2749 3003 2808 aut
3041 2743 3113 2808 de

736 2846 897 2912 locis
939 2846 1279 2913 umbrosis.
1355 2844 1597 2910 Poetae
1644 2866 1788 2910 cum
1837 2845 1976 2910 eius
2021 2845 2274 2927 generis
2317 2845 2614 2912 notiones
2659 2847 3112 2930 exprimerent,

738 2957 804 3017 et
856 2951 1016 3035 sing.
1080 2956 1145 3015 et
1201 2948 1433 3034 plural.
1495 2968 1764 3014 numero
1822 2949 1926 3013 usi
1987 2954 2136 3014 sunt
2180 2970 2428 3013 summo
2473 2948 2616 3015 iure
2659 2986 2748 2997 —
2790 2950 2859 3014 in
2901 2951 3115 3035 lingua

738 3054 1126 3120 Germanica
1193 3053 1420 3119 similis
1488 3051 1686 3117 dictio
1753 3052 2094 3117 invenitur.
2200 3054 2342 3132 Qua
2407 3053 2474 3118 in
2542 3052 2798 3119 dicendi
2867 3056 3114 3121 ratione

736 3157 1059 3240 Vergilius
1119 3156 1247 3222 illis
1308 3158 1518 3240 poetis
1579 3154 1978 3223 adserendus
2036 3161 2164 3235 est,
2233 3154 2347 3221 sed
2414 3155 2522 3221 hio
2589 3156 2786 3221 etiam
2847 3158 2936 3223 ab
2998 3157 3115 3223 illis

739 3260 960 3325 differt
1018 3282 1163 3327 cum
1224 3262 1471 3344 primus
1536 3260 1804 3325 umbrae
1858 3259 2034 3325 vocis
2104 3259 2424 3345 pluralem
2485 3282 2630 3325 cum
2689 3261 2956 3345 poetica
3013 3261 3115 3326 illa

736 3365 1001 3430 licentia
1060 3365 1128 3430 in
1189 3386 1377 3430 usum
1428 3365 1774 3430 vocaverit.
1863 3362 2030 3428 Nam
2093 3363 2204 3429 ubi
2264 3364 2343 3429 de
2387 3365 2578 3429 unius
2638 3366 2882 3430 mortui
2930 3366 3114 3431 simu-

737 3468 916 3536 lacro
971 3507 1057 3517 -
1117 3468 1367 3559 εἰδώλῳ
1426 3506 1513 3515 ——
1570 3467 1866 3551 quaestio
1933 3471 2064 3545 est,
2149 3473 2266 3532 aut
2332 3466 2412 3532 de
2495 3468 2631 3532 viso
2709 3468 2996 3553 quodam
3058 3469 3114 3531 in
3247 3466 3249 3473 ’

740 3573 1003 3638 somniis
1049 3572 1237 3638 obvio
1284 3577 1738 3656 exspectamus
1783 3570 2194 3653 singularem,
2242 3571 2350 3637 hic
2387 3576 2604 3637 autem
2645 3571 2770 3636 sibi
2801 3573 3114 3637 concessit

740 3682 1091 3760 utrumque
1138 3697 1494 3742 numerum.
1600 3676 1714 3741 Ge.
1761 3674 1845 3740 IV
1897 3680 2015 3740 501
2069 3676 2148 3740 de
2193 3674 2532 3741 Euridices
2578 3675 2778 3742 solius
2819 3676 3113 3741 manibus

740 3786 1166 3863 ‘praesentem
1232 3780 1623 3863 nequiquam
1695 3778 2083 3864 umbrasvet
2161 3778 2367 3844 multa
2447 3779 2768 3845 volentem
2834 3778 3111 3858 Dicere';

736 3882 1007 3968 pluralis
1074 3884 1159 3949 ad
1228 3883 1555 3949 elisionem
1619 3882 2007 3948 evitandam.
2123 3882 2364 3947 Contra
2426 3884 2498 3947 A.
2566 3884 2627 3948 II
2697 3887 2818 3949 772
2897 3883 3109 3948 eodem

739 4009 949 4066 sensu,
1017 3987 1130 4052 sed
1196 3988 1236 4051 i.
1295 3987 1368 4052 V.
1412 4009 1474 4071 p.
1536 3985 1800 4070 singul:
1865 3985 2300 4053 ‘simulacrum
2363 3992 2562 4069 atque
2625 3987 2830 4071 ipsius
2888 3986 3111 4052 umbra

739 4091 1073 4171 Creusae’3
1134 4092 1289 4155 item
1332 4090 1420 4155 IV
1468 4095 1590 4156 386
1634 4090 1804 4155 Dido
1850 4088 1930 4154 de
1975 4110 2044 4155 se
2089 4090 2262 4174 ipsa:
2322 4090 2640 4158 ‘omnibus
2683 4090 2921 4157 umbra
2962 4089 3109 4155 locis

911 4265 963 4417 g
996 4263 1234 4418 ἓξὲξ·
1245 4265 1492 4417 {Quor
1543 4348 1631 4403 IV
1685 4349 1979 4404 413—415.
2068 4348 2254 4417 Spitta
2311 4350 2393 4405 13.
2427 4351 2534 4403 14.
2605 4347 2988 4403 Braumueller
3035 4347 3106 4399 13.

744 4436 926 4506 Slotty
967 4435 1051 4490 27.
1086 4436 1173 4491 32.
1241 4434 1497 4493 Bednara
1530 4437 1651 4493 539.
