3325 5359
1265 387 1700 448 ...47-

284 555 426 619 tuni
473 556 896 639 exspectavit,
943 577 1203 621 cursum
1251 556 1334 623 ad
1379 556 1447 621 id
1497 554 1973 638 corripiendum
2018 556 2231 620 vertit.
2320 555 2448 620 Pro
2494 561 2673 621 certo

285 657 500 723 dicere
557 680 685 723 non
745 680 1029 744 possum,
1087 664 1305 723 utrum
1357 659 1414 723 X
1467 663 1588 724 638
1637 660 1787 724 ‘iam
1828 658 2053 748 solitos
2106 664 2385 743 poscunt
2444 680 2671 725 cursus

283 762 690 847 populusque
720 762 1057 847 paterque’
1103 765 1220 848 (sc.
1249 762 1626 845 Atalantae)
1672 762 1930 845 poetica
1975 783 2116 826 cum
2149 760 2413 826 licentia
2449 762 2671 845 plura-

283 865 365 930 lis
414 871 592 930 extet
653 888 737 931 an
779 867 1046 951 proprio
1114 887 1306 931 sensu
1357 864 1710 949 capiendus
1756 866 1858 930 sit.
1960 866 2145 930 Pont.
2181 866 2245 931 II
2289 870 2346 944 ’7,
2398 870 2475 933 17
2522 867 2671 930 ‘iam

286 968 444 1033 mihi
499 968 644 1034 fata
700 969 908 1055 liquet
968 976 1262 1057 coeptos
1295 970 1628 1035 servantia
1687 984 1922 1034 cursus
1980 969 2107 1034 Per
2150 968 2279 1033 sibi
2324 976 2672 1035 consuetas

283 1088 546 1156 semper
587 1075 762 1138 itura
808 1073 986 1154 vias',
1042 1074 1303 1139 litterae
1349 1072 1687 1138 sibilantes
1734 1073 2102 1137 cumulatae
2148 1077 2314 1137 sunt.
2398 1073 2595 1138 ‘Trist.
2641 1074 2672 1137 I

290 1180 390 1255 10,
440 1182 520 1241 17
567 1176 882 1243 ‘fleximus
928 1178 995 1241 in
1037 1177 1286 1242 laevum
1336 1198 1566 1241 cursus
1621 1175 1723 1241 et’.

463 1280 509 1343 d
525 1301 669 1363 aps
714 1320 801 1331 —
843 1280 1100 1365 dapes
1127 1282 1195 1366 ι).
1272 1280 1458 1359 Quod
1487 1301 1720 1345 nomen
1752 1300 2146 1364 quamquam
2182 1281 2247 1344 in
2279 1281 2670 1363 optimorum

289 1384 686 1468 scriptorum
733 1385 1042 1468 operibus
1087 1383 1360 1450 obviam
1386 1404 1515 1449 non
1557 1384 1635 1449 fit.
1677 1384 1901 1466 itaque
1940 1388 2281 1467 poet-arum
2327 1404 2483 1448 usus
2530 1404 2675 1449 ora-

287 1488 454 1552 tioni
501 1488 753 1553 solutae
804 1490 1171 1571 comparari
1226 1509 1355 1553 non
1415 1493 1652 1570 potest,
1712 1493 1933 1552 tamen
1974 1507 2055 1551 ex
2098 1488 2512 1571 inquisitione
2556 1487 2673 1551 ali-

290 1590 467 1674 quid,
513 1592 688 1675 quod
725 1612 842 1657 nos
885 1593 953 1657 in
989 1598 1334 1675 poetarum
1363 1592 1616 1656 ratione
1647 1590 1905 1655 dicendi
1931 1589 2367 1673 intellegenda
2396 1591 2676 1670 adiuvet,

287 1695 561 1759 inveniri
633 1701 868 1779 potest.
973 1696 1243 1778 Legitur
1307 1695 1456 1760 inde
1521 1717 1560 1759 a
1615 1696 1795 1759 Livio
1856 1693 2225 1763 Andronico
2285 1699 2351 1759 et
2415 1692 2674 1759 Catone.

290 1798 689 1879 Videamuss
725 1798 1048 1883 quomodo
1111 1799 1348 1881 singuli
1412 1805 1478 1864 et
1541 1799 1888 1881 singularis
1933 1805 1999 1863 et
2058 1797 2330 1883 pluralis
2376 1818 2565 1863 casus
2608 1798 2676 1862 in

285 1923 477 1973 usum
552 1908 893 1967 vocentur:
973 1924 1138 1969 nom.
1199 1904 1357 1986 sing.
1423 1903 1597 1988 apud
1657 1908 1888 1987 poetas
1959 1923 2088 1967 non
2160 1902 2484 1966 invenitur
2552 1902 2678 1965 nisi
2786 1948 2793 1955 -

286 2006 356 2070 in
387 2006 519 2069 Liv.
555 2006 753 2071 Andr.
784 2005 906 2089 frg.
941 2011 1123 2071 extat
1156 2006 1329 2090 apud
1375 2006 1684 2072 Catonem
1733 2027 1868 2089 agr.
1902 2010 2002 2085 50,
2044 2010 2099 2069 2.
2153 2010 2293 2083 132,
2342 2010 2399 2070 2.
2490 2004 2675 2069 Gen.

289 2110 417 2173 sin
438 2130 530 2191 g.:
577 2110 889 2175 Horatius
936 2130 1080 2175 eum
1125 2111 1385 2193 saepius
1431 2109 1714 2174 adhibet.
1805 2108 2069 2173 Ovidius
2118 2109 2186 2173 in
2228 2106 2321 2172 Ib.
2364 2111 2487 2173 425
2540 2114 2679 2172 ‘nec

291 2212 482 2295 dapis
512 2212 834 2278 humanae
864 2212 987 2278 tibi
1017 2214 1146 2277 sint
1178 2214 1484 2292 fastidia’,
1527 2213 1801 2297 pluralis
1834 2218 1986 2277 ante
2030 2212 2119 2276 ‘h’
2162 2211 2415 2276 hiatum
2448 2210 2676 2275 effecit.

291 2316 350 2379 D
370 2320 470 2380 at.
509 2317 708 2399 sing.
739 2320 995 2381 tantum
1030 2317 1203 2400 apud
1229 2315 1364 2382 Cat.
1409 2322 1549 2395 132,
1576 2324 1632 2382 1.
1692 2318 1840 2381 Acc.
1874 2321 1939 2381 et
1964 2315 2088 2380 abl.
2122 2316 2324 2380 multo
2354 2315 2678 2381 usitatius,

295 2422 443 2484 Acc.
491 2420 651 2502 sing.
697 2419 930 2485 Catull.
979 2424 1080 2497 64,
1129 2426 1208 2486 79
1257 2421 1650 2504 ‘Cecropiam
1709 2420 2165 2504 solitamvesse
2228 2418 2462 2503 dapem
2522 2418 2680 2482 dare

290 2522 719 2603 Minotauro'3
792 2523 1052 2607 plurali,
1126 2546 1316 2609 quem
1377 2530 1849 2609 exspectamuS,
1911 2528 2109 2608 poeta
2167 2544 2323 2587 usus
2374 2542 2503 2586 non
2564 2527 2681 2600 est,

290 2627 452 2708 quia
493 2626 740 2691 ‘solitas
787 2624 942 2691 esse'
1009 2628 1094 2692 ad
1148 2625 1598 2693 hexametrum
1657 2648 1785 2691 non
1840 2626 2141 2710 quadrat,
2187 2623 2680 2709 ‘solitamvesse'

291 2735 511 2794 autem
559 2730 892 2795 commode
937 2732 1202 2797 elisione
1246 2732 1462 2797 versui
1504 2732 1769 2796 immitti
1813 2736 2047 2815 potest.
2122 2728 2415 2795 Tibullus
2447 2728 2475 2792 1
2509 2734 2565 2809 5,
2598 2733 2693 2805 28,

291 2840 436 2917 ‘pro
481 2838 700 2915 segete
746 2834 979 2917 spicaS,
1041 2856 1160 2918 pro
1221 2856 1416 2918 grege
1461 2834 1633 2899 ferre
1682 2834 1952 2917 dapem'.
2042 2834 2165 2898 Hic
2228 2838 2423 2917 poeta
2484 2834 2681 2897 etiam

289 2936 612 3020 pluralem
660 2959 982 3021 usurpare
1024 2943 1302 3022 poterat.
1373 2938 1499 3003 cfr.
1545 2939 1577 3001 I
1621 2943 1719 3016 10,
1752 2943 1790 3003 8
1834 2939 2123 3019 itemque
2169 2938 2233 2999 in
2264 2957 2489 3001 versus
2535 2935 2681 3015 fine,

293 3038 412 3104 sed
459 3060 590 3107 acc.
636 3041 800 3125 plur.
891 3041 1034 3107 Abl.
1081 3044 1240 3125 sing.
1286 3041 1710 3106 antecedente
1756 3039 2009 3124 syllaba
2052 3040 2247 3121 longa
2306 3039 2683 3121 aptissimus

294 3149 400 3208 est
445 3143 528 3207 ad
574 3143 904 3228 dactylum
951 3144 1358 3229 explendum.
1423 3132 1741 3209 ⁴Catullus
1810 3165 1954 3208 eum
2004 3142 2265 3207 exhibet
2297 3147 2411 3221 64,
2452 3147 2594 3221 304,
2639 3143 2681 3205 i.

293 3248 373 3312 V.
418 3268 480 3331 p.
571 3248 836 3315 Ovidius
883 3251 1067 3334 epist.
1099 3249 1192 3313 IX
1223 3253 1304 3314 68
1348 3254 1499 3333 post
1534 3252 1817 3332 pentam.
1870 3268 2036 3315 caeS.
2078 3244 2336 3341 ‘efferus
2378 3245 2682 3323 humana,

296 3350 425 3427 Qui
479 3348 701 3433 dape'3
765 3352 988 3417 eodem
1047 3374 1272 3418 versus
1331 3353 1474 3417 loco
1535 3352 1655 3417 XV
1714 3356 1837 3416 206
1900 3351 2162 3416 ‘lumina
2221 3350 2331 3433 qui
2390 3348 2683 3433 trepidos

297 3442 362 3519 K
403 3454 570 3537 dape
624 3461 841 3520 vertat
899 3455 1137 3539 equos’.
1227 3456 1404 3521 Fast.
1451 3456 1507 3521 V
1554 3460 1675 3520 521
1726 3456 1764 3519 i.
1815 3455 1861 3518 Ι.
1892 3476 1953 3537 p.
2002 3462 2191 3519 ‘nunc
2252 3453 2420 3537 dape
2473 3452 2680 3517 nunc'.

299 3556 460 3622 Gen.
507 3558 674 3641 plur.
721 3557 905 3624 deest
955 3564 1225 3643 praeter
1265 3560 1388 3643 frg.
1442 3559 1601 3623 Bob.
1651 3580 1919 3651 gramm.
1971 3558 2021 3623 V
2070 3562 2212 3635 562,
2263 3563 2339 3622 10
2398 3556 2500 3620 ‘ab
2559 3555 2685 3621 hac

298 3659 472 3743 dape
510 3662 741 3727 harum
789 3663 1069 3746 dapum’.
1127 3665 1276 3729 Dat.
1322 3664 1488 3746 plur.
1534 3684 1706 3727 raro.
1752 3663 1941 3744 Verg.
1991 3661 2161 3725 Ae.I
2204 3664 2346 3725 210.
2404 3659 2685 3724 Maxime

296 3764 368 3827 in
409 3786 533 3829 usu
579 3771 679 3830 est
720 3787 888 3831 nom.
933 3772 1178 3832 et'acc.
1221 3767 1408 3850 plur.,
1469 3766 1787 3851 imprimis
1839 3765 1923 3829 ad
1984 3764 2281 3847 elisiones
2332 3762 2683 3829 evitandas,

298 3888 451 3951 pps
491 3869 924 3951 Vergilius
964 3871 1079 3935 ecl.
1124 3872 1182 3937 V
1228 3876 1307 3936 79
1354 3870 1685 3955 ‘quasvilli
1730 3867 2089 3934 Philomela
2135 3867 2337 3951 dapes
2386 3916 2400 3931 .
2434 3917 2447 3930 .
2492 3886 2684 3949 para-

299 3971 464 4036 vit‘P’
529 3975 639 4038 Ae.
681 3973 777 4037 III
836 3977 960 4038 234
1019 3974 1284 4058 ‘polluit
1328 3995 1439 4039 ore
1485 3973 1707 4057 dapes'
1755 3977 1905 4036 ante
1952 3992 2143 4046 cons„
2200 3991 2286 4034 sc.
2338 3969 2684 4053 Harpyiae.

301 4074 578 4140 V11109
629 4076 880 4140 Aeneas
924 4082 988 4140 et
1034 4077 1231 4141 duces
1276 4078 1644 4142 ‘instituunt
1691 4074 2051 4159 dapesvet’.
2113 4072 2405 4137 Tibullus
2450 4073 2567 4151 15,
2601 4077 2683 4139 49

301 4178 1078 4263 *εαῃςιιίηθῇευθᾶεώἰΙΙει
1121 4181 1574 4265 dapesvatque
1626 4200 1739 4244 ore
1791 4178 2111 4259 cruent0'3
2178 4178 2216 4241 i.
2259 4199 2314 4241 v,
2361 4181 2442 4241 28
2506 4180 2689 4252 extat

478 4352 528 4417 l)
569 4350 681 4405 cfr.
721 4351 879 4417 Char.
918 4370 1146 4423 gramm.
1193 4353 1225 4407 1
1261 4356 1344 4418 33,
1385 4358 1417 4407 9
1455 4354 1735 4408 ‘feminina
1788 4368 2006 4421 semper
2042 4350 2279 4419 pluralia
2304 4391 2315 4403 .
2342 4390 2357 4406 .
2382 4390 2394 4403 .
2422 4349 2593 4417 dapes
2631 4353 2689 4402 et

303 4436 441 4491 haec
497 4437 634 4506 daps
684 4438 973 4492 dixerunt’.
1045 4439 1216 4493 Prisc.
1273 4458 1500 4509 gramm.
1537 4438 1604 4493 ss
1659 4441 1776 4507 321,
1831 4440 1862 4491 6
1914 4438 2068 4491 ‘haec
2119 4437 2255 4505 daps
2303 4435 2466 4489 huius
2513 4435 2688 4504 dapis,

312 4522 410 4577 sed
446 4524 816 4577 nominativus
851 4526 906 4577 in
945 4543 1049 4578 usu
1084 4526 1362 4595 frequenti
1398 4544 1508 4579 non
1537 4526 1685 4580 est’.''
