3325 5359
1682 336 2117 400 ..64-

705 509 874 593 plur.
921 513 1040 573 art.
1086 506 1182 573 ΙΙΙ
1223 514 1302 573 41
1316 514 1346 572 1
1413 515 1604 572 ‘nunc
1663 506 1947 572 hederae
2000 509 2137 573 sine
2196 506 2443 572 honore
2500 508 2717 573 iacent
2771 506 3087 591 operata’,

700 616 864 697 sing.
921 611 1224 677 ‘hedera'
1281 632 1492 695 neque
1535 611 1767 676 ‘iacet'
1828 616 1983 675 ante
2038 631 2173 675 voc.
2248 611 2333 675 ad
2404 616 2683 675 metrum
2737 612 3086 693 quadrant.

698 716 877 782 Idem
935 715 1355 781 iudicandum
1413 722 1517 780 est
1574 716 1656 780 de
1716 720 1869 781 met.
1912 715 2007 780 111
2052 719 2179 781 664
2222 715 2611 799 ‘impediunt
2652 714 2935 779 hederae
2979 734 3085 777 re·

700 821 880 899 mos’,
938 820 1226 903 itemque
1289 818 1374 884 de
1433 819 1526 885 IV
1587 824 1713 885 365
1771 819 2003 883 ‘solent
2050 818 2333 884 hederae
2390 817 2654 901 longos’.
2718 819 2779 883 X
2822 822 2903 883 99
2951 826 3083 882 ‘vos

700 1030 858 1112 quia
888 1029 1203 1093 creticum
1247 1025 1542 1111 praebet,
1585 1048 1799 1109 neque
1840 1028 2005 1109 sing.
2050 1025 2333 1091 ‘hedera’
2380 1027 2537 1109 quia
2564 1030 2667 1090 est
2692 1024 3081 1109 tribrachys,

698 1153 908 1215 neque
952 1130 1240 1195 ‘venisti’
1285 1135 1438 1195 ante
1479 1130 1687 1196 vocal.
1731 1132 1891 1213 quia
1930 1129 2151 1195 hiatus
2196 1129 2498 1208 efficitur,
2558 1130 2775 1193 versui
2818 1130 3080 1194 immitti

697 1242 934 1320 potest.
996 1234 1210 1302 Genit.
1245 1233 1413 1319 plur.
1459 1234 1661 1300 semel
1704 1240 1857 1298 met.
1902 1234 1990 1298 VI
2028 1239 2155 1299 599
2198 1233 2437 1299 ‘vultiis
2470 1232 2857 1298 hederarum
2904 1232 3079 1296 fron—

699 1338 892 1404 dibus
937 1338 1161 1403 abdit’.
1206 1338 1636 1403 Accusativus
1663 1338 1835 1422 plur.
1876 1339 2049 1402 trist.
2094 1338 2127 1403 1
2170 1344 2229 1415 7,
2258 1342 2297 1401 2
2344 1338 2551 1402 ‘deme
2596 1338 2755 1403 meis
2782 1335 3079 1415 hederas,

695 1442 984 1507 Bacchia
1011 1448 1210 1520 serta,
1252 1442 1490 1507 comis’.
1551 1442 1797 1525 Singul.
1836 1441 2185 1507 ‘hederam’
2229 1444 2411 1526 (ante
2440 1442 2641 1524 cons.)
2686 1462 3079 1524 quamquam

697 1547 836 1611 sine
879 1546 1020 1611 ulla
1059 1545 1468 1611 dubitatione
1509 1546 1775 1611 immitti
1826 1552 2047 1629 potest
2088 1547 2325 1624 versui,
2382 1552 2602 1610 tamen
2661 1544 2827 1629 plur.
2872 1549 3079 1609 metro

697 1650 1070 1733 postulatur
1127 1651 1282 1733 quia
1339 1651 1769 1734 appositionis
1826 1650 2047 1731 verba,
2106 1652 2163 1714 si
2220 1649 2640 1733 singulariter
2695 1647 3081 1713 exhibentur

697 1790 784 1803 —-
826 1753 1182 1819 Bacchium
1216 1760 1466 1819 sertum
1507 1792 1613 1833 —,
1659 1755 1923 1819 minime
1962 1754 2047 1817 ad
2084 1775 2345 1819 versum
2374 1753 2707 1818 heroicum
2736 1752 3078 1835 quadrant.

702 1856 915 1923 Ablat.
963 1857 1129 1941 plur.
1179 1858 1380 1923 semel
1419 1864 1570 1922 met.
1621 1857 1710 1923 VI
1760 1862 1882 1922 128
1928 1857 2271 1923 ‘nexilibus
2318 1856 2513 1921 flores
2571 1854 3081 1940 hederisvhabet

700 1962 1129 2039 intertextos’,
1173 1963 1333 2044 sing.
1375 1961 1658 2026 ‘hedera’
1704 1967 1858 2026 ante
1898 1982 2036 2025 voc.
2080 1961 2336 2026 hiatum
2378 1960 2601 2038 efficit,
2646 1962 2841 2024 etiam
2871 1959 3079 2023 forma

697 2064 1019 2129 nexilibus
1062 2102 1106 2113 -
1121 2094 1162 2123 υ
1181 2094 1223 2122 υ
1238 2102 1285 2113 -
1324 2070 1558 2149 poetae
1601 2064 2000 2149 suppeditat.
2068 2066 2521 2130 Nominativus
2578 2064 2739 2145 sing.
2782 2061 3076 2127 ‘hedera'

698 2170 811 2251 qui
864 2190 996 2233 non
1048 2170 1174 2233 nisi
1238 2190 1281 2233 a
1337 2168 1592 2234 duobus
1659 2168 2165 2233 consonantibus
2224 2189 2456 2234 nomen
2522 2186 2799 2250 sequens
2853 2165 3081 2249 incipit

585 2306 594 2312 -
697 2274 914 2337 versui
955 2274 1219 2337 immitti
1260 2279 1480 2357 potest
1509 2312 1594 2321 —
1627 2293 1759 2338 non
1794 2274 2137 2338 invenitur.
2212 2272 2441 2337 Genet.
2484 2273 2645 2353 sing.
2691 2271 2867 2335 velut
2908 2271 3077 2334 trist.

697 2376 756 2440 V
796 2381 856 2455 3,
890 2382 1006 2456 153
1051 2396 1263 2443 accus.
1293 2378 1453 2460 sing.
1497 2376 1727 2442 obvius
1770 2397 1901 2441 non
1942 2384 2061 2442 est.
2123 2376 2338 2441 Ablat.
2380 2375 2559 2441 velut
2603 2396 2726 2439 am.
2754 2374 2849 2440 111
2878 2379 2935 2452 9,
2974 2377 3073 2437 61.

697 2477 852 2543 Met.
896 2480 955 2545 V
999 2484 1144 2544 338.
1195 2481 1372 2545 Fast.
1415 2482 1508 2545 111
1553 2486 1699 2546 767.
1745 2482 1803 2547 V
1852 2486 1951 2545 79.
1997 2481 2087 2546 VI
2124 2484 2273 2547 483.
2350 2478 2420 2545 Si
2474 2500 2815 2543 numerum
2864 2498 3077 2541 exem-

699 2582 954 2666 plorum
1013 2584 1082 2647 in
1141 2582 1376 2665 quibus
1435 2583 1635 2648 ablat.
1684 2586 1846 2667 sing.
1892 2582 2245 2649 adhibetur
2288 2603 2631 2667 comparas
2674 2602 2821 2645 oum
2880 2579 3076 2644 ablat.

701 2685 868 2769 plur.
932 2686 1374 2770 exemplorum
1417 2709 1687 2753 numero
1730 2726 1819 2737 —
1861 2687 2063 2752 semel
2103 2693 2362 2752 tantum
2406 2686 2579 2771 apud
2610 2684 2907 2751 Ovidium
2950 2683 3075 2748 abl.

698 2788 1064 2873 plurativus
1107 2792 1394 2857 occurrit
1429 2830 1535 2870 -—,
1597 2793 1855 2856 etiamsi
1916 2798 2283 2856 ceterorum
2343 2811 2612 2855 casuum
2675 2788 2969 2872 exempla
3012 2793 3077 2852 et

705 2894 866 2975 sing.
911 2900 980 2959 et
1017 2894 1186 2977 plur.
1229 2896 1728 2979 comparaveris,
1772 2915 1901 2959 non
1954 2895 2201 2973 dubit0‚
2259 2896 2417 2978 quin
2472 2892 2595 2959 tibi
2650 2912 3077 2977 persuasurus

699 2998 788 3061 sis
849 3003 1078 3080 poetas
1133 3004 1200 3062 et
1263 2997 1435 3063 hunc
1495 3005 1569 3063 et
1629 3000 1793 3063 alios
1857 3000 2101 3084 plurali
2164 3000 2483 3085 imprimis
2544 3003 2755 3061 metro
2818 2995 3075 3061 iubente

697 3120 850 3165 usos
891 3122 1050 3165 esse.

877 3203 1200 3269 hordea
1222 3205 1292 3291 1).
1391 3228 1517 3290 pps
1570 3208 1823 3290 primus
1870 3206 2194 3290 Vergilius
2252 3205 2369 3271 ecl.
2418 3207 2475 3271 V
2520 3211 2601 3271 36
2646 3203 2958 3269 ‘Grandia
2999 3251 3013 3265 .
3058 3250 3073 3264 .

701 3306 968 3371 hordea’
1007 3307 1230 3374 attrib.
1274 3309 1318 3371 i.
1364 3308 1432 3389 Ι.,
1481 3309 1685 3376 subst.
1727 3312 1770 3374 i.
1804 3311 1877 3376 V.
1922 3333 2017 3395 p.;
2062 3309 2175 3375 cfr.
2224 3310 2401 3376 Serv.
2446 3311 2489 3373 i.
2536 3330 2764 3373 comm.
2811 3306 2895 3371 ad
2938 3304 3001 3368 h.
3034 3304 3071 3367 l.

706 3410 820 3474 Ge.
865 3410 916 3488 Ι,
964 3416 1107 3489 210,
1151 3412 1193 3474 i.
1225 3412 1298 3475 V.
1330 3435 1394 3496 p.
1441 3419 1510 3477 et
1555 3419 1699 3479 317.
1772 3416 1915 3494 Quo
1960 3416 2029 3479 in
2074 3436 2199 3479 usu
2243 3412 2599 3497 Vergilium
2638 3412 2933 3477 imitatus
2978 3413 3077 3472 est

710 3512 994 3578 Ovidius.
1073 3514 1252 3579 Rem.
1288 3520 1368 3580 53
1415 3516 1700 3582 ‘hordea’
1743 3518 1784 3581 i.
1828 3520 1875 3583 1.
1919 3542 1984 3603 p.
2032 3524 2112 3584 56
2158 3516 2425 3583 ‘hordea
2464 3516 2659 3581 unda’
2702 3519 2854 3599 post
2906 3516 3077 3595 pent.

705 3636 868 3680 caes.
918 3622 1000 3682 95
1044 3617 1086 3681 i.
1135 3618 1184 3681 Ι.
1227 3640 1290 3701 p.
1369 3619 1522 3685 Met.
1574 3620 1716 3686 xlv
1770 3627 1894 3686 273
1939 3622 1980 3685 i.
2029 3622 2101 3687 V.
2144 3643 2208 3705 p.
2276 3620 2454 3685 Fast.
2499 3620 2529 3684 I
2575 3623 2699 3685 694
2740 3617 2781 3681 i.
2828 3616 2877 3681 Ι.
2919 3638 2983 3699 p.

873 3719 1366 3805 incendia2).
1471 3724 1718 3789 Ennius
1783 3725 1853 3789 in
1925 3724 2271 3790 annalibus
2339 3723 2466 3789 hoc
2535 3720 2853 3787 vocabulo
2922 3738 3075 3783 usus

711 3842 839 3887 non
905 3828 1024 3902 est,
1088 3824 1158 3887 in
1225 3846 1352 3889 sce.
1405 3831 1486 3892 63
1554 3828 1757 3893 semel
1817 3828 1978 3911 sing.
2044 3827 2417 3907 ‘incendio’3
2488 3824 2759 3910 pluralis
2827 3823 2979 3887 inde
3037 3842 3078 3885 a

707 3926 1031 4007 Lucretio,
1079 3929 1192 4010 qui
1238 3950 1388 3994 eum
1431 3930 1751 4015 imprimis
1795 3932 1863 3995 in
1887 3932 1959 3997 V.
1998 3954 2057 4016 p.
2106 3930 2389 4010 exhibet,
2435 3929 2708 4008 Catulle,
2754 3926 3077 3993 Sallustio.

709 4028 1000 4105 Catullus
1046 4036 1145 4111 23,
1195 4038 1233 4098 9
1301 4035 1693 4117 generaliter
1754 4039 1820 4101 et
1866 4035 2321 4100 concinnitatis
2382 4054 2583 4099 causa
2640 4031 2985 4117 (‘incendia
3016 4080 3029 4093 .
3064 4080 3078 4093 .

573 4140 612 4183 ι’
705 4133 949 4212 ruinas,
1039 4134 1218 4200 furta
1248 4186 1262 4201 .
1297 4188 1310 4201 .
1345 4188 1358 4201 .
1397 4138 1646 4222 dolos').
1736 4144 1837 4217 64,
1903 4144 2027 4205 226
2106 4159 2299 4203 sensu
2370 4138 2691 4203 translato
2764 4133 3082 4199 ‘incendia

702 4390 806 4444 508
879 4307 931 4373 1)
966 4304 1167 4364 Koene
1197 4327 1253 4378 p.
1290 4310 1374 4363 59.
1433 4309 1623 4380 Appel
1662 4311 1743 4363 16.
1800 4309 1957 4364 Neue
1994 4310 2064 4363 ⁸1
2099 4312 2390 4365 486-490.
2427 4312 2544 4363 587.
2614 4308 2774 4362 Mass
2808 4309 2925 4361 495.
2962 4308 3083 4360 504.

819 4409 936 4461 sqq.
1985 4406 2003 4423 ·

873 4481 930 4550 2)
968 4479 1350 4536 Braumueller
1385 4482 1414 4534 1
1453 4485 1535 4551 12,
1573 4485 1656 4536 28.
1728 4484 1919 4553 Appel
1954 4486 2037 4539 21.
2110 4484 2305 4537 Hailer
2330 4486 2415 4538 23.
2484 4484 2743 4538 Bednara
2774 4483 2890 4536 544.

862 4619 902 4678 (1⁰
913 4608 934 4669 '-
961 4647 982 4671 ⁷-
1164 4612 1212 4662 Ϊ
1328 4629 1339 4642 ‘
1384 4622 1394 4630 ’
