3325 5359
1650 333 2038 395 ...4-

651 509 1006 591 turparunt
1026 472 1388 588 ’sanguine’
1411 552 1427 567 .
1452 552 1467 568 .
1492 552 1506 567 .
1545 539 1626 553 -—
1663 501 1990 586 Vergilius
2029 500 2111 569 de
2140 520 2302 585 rogo
2345 519 2536 585 quem
2571 498 2742 565 Dido
2775 497 2900 565 sibi
2928 520 3040 566 ex·

654 613 1006 690 struxerat,
1040 608 1200 675 dicit
1222 609 1334 673 Ae.
1353 606 1441 672 IV
1469 610 1592 673 646
1616 604 2024 671 ‘conscendit
2052 602 2407 671 furibunda
2442 622 3041 691 rogosvensemque

651 712 972 779 recludit’.
1045 712 1144 777 De
1195 709 1420 777 eadem
1467 730 1540 775 re
1584 707 1924 794 praecedit
1967 707 2313 791 singularis
2368 712 2494 773 640
2527 704 2813 791 ‘rogum’
2858 708 3040 791 (ante

653 821 854 900 cons.)
899 822 967 882 et
1013 820 1137 881 676
1187 814 1482 897 sequitur
1507 808 1646 885 ‘hffc
1685 832 1880 896 rogus
1922 812 2048 877 iste
2091 811 2277 877 mihi’
2302 861 2316 876 .
2344 862 2359 876 .
2385 862 2399 876 .
2432 848 2518 859 —
2549 810 2757 876 Simili
2784 812 3039 877 ratione

654 919 921 986 Ovidius
987 918 1068 984 de
1127 916 1412 1003 Sibyllae
1471 922 1661 982 antro
1729 915 2048 1000 pluralem
2111 915 2453 1000 usurpavit
2502 920 2653 980 met.
2714 915 2864 981 XIV
2917 920 3039 981 104

642 1021 866 1089 ‘antra
918 1020 1228 1107 Sibyllae’
1275 1022 1342 1106 (i.
1385 1020 1462 1086 -V.
1502 1020 1611 1105 p.).
1697 1019 1941 1085 Eodem
1983 1041 2177 1086 sensu
2221 1024 2405 1085 extat
2443 1019 2604 1103 sing.
2645 1023 2797 1083 met.
2838 1018 2925 1085 VI
2962 1022 3040 1084 10

643 1124 961 1211 ‘Sibyllae
1014 1128 1287 1191 Antrum
1335 1122 1643 1189 immane’
1677 1172 1692 1188 .
1723 1174 1737 1189 .
1826 1123 2040 1189 Etiam
2088 1122 2471 1209 Lycophron
2528 1142 2723 1187 unam
2784 1126 3039 1187 tantum

660 1228 945 1314 Sibyllae
1012 1228 1191 1293 novit
1260 1227 1548 1306 domum,
1622 1248 1770 1293 cum
1836 1225 1996 1291 dicit
2052 1227 2278 1311 (1279)
2331 1223 2655 1313 ’στυγνὸν
2715 1224 3043 1313 (Σιβύλλης

654 1330 1022 1420 ἀκτὴριονζ
1056 1370 1138 1380 -
1185 1330 1445 1396 Pariter
1486 1351 1594 1395 res
1631 1350 1701 1395 se
1743 1328 1964 1413 habet,
2006 1329 2121 1396 ubi
2151 1329 2419 1396 Ovidius
2450 1330 2530 1395 de
2559 1328 2797 1395 vellere
2842 1348 3042 1394 aureo

654 1436 979 1520 loquitur:
1034 1440 1186 1501 met.
1231 1433 1352 1501 VII
1399 1439 1435 1499 7
1471 1431 1915 1517 ‘Phrixeaque
1958 1432 2203 1499 vellera
2256 1433 2589 1518 poscunt’3
2652 1434 2806 1497 item
2854 1432 3040 1517 epist.

657 1539 779 1605 XII
832 1544 953 1605 108
987 1535 1188 1622 ‘quae
1231 1558 1516 1622 raperes,
1561 1532 1807 1603 vellera
1834 1542 1979 1603 tuta
2006 1536 2216 1603 dedi’:
2262 1535 2379 1603 scd
2410 1536 2491 1602 de
2523 1537 2752 1603 eadem
2795 1558 2869 1603 re
2914 1541 3042 1603 200

663 1648 815 1709 ante
860 1641 1148 1708 vocalem
1182 1637 1442 1706 ‘vellus’
1484 1645 1551 1706 et
1594 1640 1782 1725 epist.
1808 1639 1895 1706 VI
1926 1645 1963 1705 2
1999 1638 2303 1706 ‘auratae
2335 1639 2574 1706 vellere
2604 1690 2618 1705 .
2647 1691 2661 1706 .
2694 1640 2857 1706 ovis’
2897 1640 3041 1725 (cfr.

657 1769 714 1812 v.
765 1752 845 1813 14
899 1746 1113 1830 plan).
1171 1781 1253 1792 —
1314 1743 1478 1809 Item
1533 1743 1810 1827 legimus
1874 1743 2047 1828 apud
2104 1744 2400 1810 Ovidium
2460 1749 2611 1810 met.
2672 1744 2733 1810 X
2784 1750 2903 1811 187
2961 1743 3045 1809 de

662 1849 1032 1935 Hyacinthe
1063 1849 1176 1931 qui
1213 1847 1297 1914 ab
1330 1846 1626 1932 Apolline
1655 1846 2034 1912 vulneratus
2065 1854 2164 1914 est
2195 1845 2445 1914 ‘tristia
2478 1848 2749 1914 vulnera
2785 1848 3045 1931 siccat’;

663 1953 892 2038 paucis
935 1949 1235 2018 versibus
1292 1950 1467 2016 infra
1514 1950 1741 2017 eodem
1799 1971 1991 2016 sensu
2037 1947 2057 1975 ‘
2076 1958 2223 2017 erat
2274 1951 2749 2018 immedicabile
2791 1951 3044 2019 volnus’

662 2056 804 2141 (ubi
863 2054 1139 2141 pluralis
1202 2060 1472 2140 propter
1533 2053 1923 2121 attributum
1988 2054 2283 2121 exhiberi
2346 2077 2475 2122 non
2535 2061 2829 2140 poterat3
2896 2077 3043 2122 nam

660 2181 885 2226 versus
930 2158 1289 2244 dactylicus
1334 2157 1715 2243 tribrachyn
1763 2154 2323 2225 ‘immedicabilia’
2368 2180 2497 2224 non
2556 2160 2869 2244 patitur):
2932 2158 3046 2225 sed

664 2285 810 2329 cum
854 2263 936 2329 de
987 2263 1212 2328 eodem
1257 2262 1524 2327 vulnere
1565 2262 1763 2327 etiam
1801 2267 1923 2328 197
1956 2262 2305 2345 singularis
2348 2267 2680 2346 sequatur,
2724 2262 2839 2328 ubi
2868 2262 3049 2329 nulla

664 2387 862 2433 causa
906 2372 1176 2450 cogente
1217 2365 1492 2450 pluralis
1538 2364 1833 2431 exhiberi
1885 2370 2165 2449 poterat,
2224 2365 2493 2432 dubium
2536 2386 2665 2431 non
2714 2372 2832 2445 est,
2893 2366 3047 2450 quin

665 2469 746 2535 de
789 2490 920 2535 uno
963 2469 1525 2535 tantumvulnere
1569 2469 1868 2552 quaestio
1909 2469 2011 2534 sit.
2085 2468 2204 2534 Ille
2232 2489 2458 2534 versus
2500 2468 2654 2535 talis
2684 2476 2787 2535 est
2816 2468 3048 2548 ‘tuum‚

665 2594 811 2639 mea
870 2573 1159 2653 crimina,
1215 2571 1505 2654 vulnus’;
1565 2571 1728 2637 nihil
1777 2572 1945 2637 enim
2008 2578 2270 2656 poetam
2326 2572 2664 2657 impedivit
2707 2574 3050 2656 quominus

662 2677 912 2743 diceret
943 2674 1205 2756 ‘meum‚
1269 2681 1385 2740 tua
1429 2674 1716 2754 vulnera,
1774 2675 2047 2740 crimen’
2093 2676 2219 2741 nisi
2264 2696 2490 2741 sensus
2534 2677 2691 2759 ipse.
2722 2714 2807 2725 —
2837 2676 3048 2742 Unum

663 2781 942 2865 denique
987 2780 1352 2864 exemplum
1397 2799 1478 2844 cx
1519 2779 1769 2861 ingenti
1830 2800 2100 2845 numero
2146 2779 2389 2846 addere
2433 2780 2592 2845 mihi
2648 2780 2846 2846 liceat
2890 2782 3045 2846 item

664 2905 744 2950 ex
791 2883 1004 2950 Ovidii
1046 2881 1473 2949 carminibus:
1521 2903 1601 2948 cx
1645 2884 1830 2949 Pont.
1879 2885 1909 2948 I
1956 2890 2017 2963 4,
2067 2889 2150 2951 30
2194 2884 2357 2968 legis
2391 2882 2575 2950 ‘solis
2621 2884 2707 2951 ad
2752 2884 3048 2950 occasus’

665 2993 818 3053 ante
862 2986 1188 3068 vocalem3
1250 2986 1365 3053 sed
1410 2987 1636 3053 eodem
1683 3009 1878 3053 sensu
1937 2990 2004 3054 in
2047 3010 2240 3055 versu
2289 2988 2699 3055 antecedenti
2735 2985 2921 3053 ‘solis
2966 2987 3049 3051 ab

667 3091 930 3158 occasu’
975 3097 1040 3157 et
1082 3095 1232 3157 met.
1267 3091 1320 3156 V
1351 3096 1478 3157 445
1513 3088 1700 3157 ‘solis
1745 3091 1830 3158 ab
1875 3113 2181 3158 occasu
2227 3091 2589 3176 quaerebat
2633 3090 2717 3155 ad
2767 3096 2953 3159 ortu
2972 3089 3049 3153 ε’.

842 3195 960 3259 His
992 3193 1302 3278 exemplis
1345 3193 1621 3278 prolatis
1653 3197 1815 3261 satis
1859 3195 2192 3261 evidenter
2236 3215 2556 3279 apparere
2601 3192 2758 3257 mihi
2790 3192 3049 3274 quidem

669 3299 943 3379 videtur,
1006 3318 1174 3381 quae
1220 3298 1307 3362 sit
1349 3303 1693 3380 poctarum
1737 3298 1909 3363 ratio
1956 3298 2025 3361 in
2067 3296 2307 3381 plurali
2351 3297 2609 3380 poetico
2657 3295 3052 3378 usurpando.

669 3402 835 3468 Nam
883 3422 964 3467 ex
1008 3422 1085 3466 eo
1132 3401 1306 3485 quod
1350 3406 1586 3485 poetae
1631 3400 1858 3466 eodem
1905 3421 2097 3466 sensu
2141 3406 2491 3484 utrumque
2543 3420 2881 3465 numerum
2930 3399 3055 3465 sibi

668 3505 1075 3591 permittunt,
1133 3504 1376 3570 nullam
1437 3503 1832 3589 peculiarem
1878 3505 2005 3569 vim
2061 3503 2299 3588 plurali
2338 3504 2597 3588 poetico
2622 3503 3052 3569 ‘tribuendam

673 3629 815 3674 esse
861 3608 1290 3674 certissimum
1339 3629 1480 3673 esse
1523 3608 1799 3673 videtur.

844 3731 879 3815 ἓ
933 3736 992 3796 2.
1082 3729 1308 3813 Neque
1368 3749 1522 3795 vero
1583 3729 1883 3796 omnibus
1944 3728 2349 3814 temporibus
2406 3730 2529 3795 viri
2589 3728 2765 3794 docti
2822 3730 2917 3794 sic
2975 3729 3056 3795 de

672 3831 798 3897 hac
843 3834 1224 3916 quaestione
1256 3832 1728 3915 cogitaverunt,
1772 3833 1885 3899 sed
1916 3834 2139 3899 variae
2178 3838 2330 3899 sunt
2368 3833 2730 3899 sententiae
2762 3838 2829 3898 et
2862 3833 3057 3917 plane

673 3934 969 4001 diversae
1049 3935 1347 4021 prolatae
1423 3935 1507 4001 ad
1581 3935 1753 4001 hanc
1834 3957 2248 4003 numerorum
2329 3938 2873 4022 permutationem
2950 3956 3058 4000 ex-

672 4038 1062 4123 plicandam,
1109 4060 1240 4124 qua
1281 4040 1350 4105 in
1390 4060 1460 4105 re
1507 4040 1785 4125 simplici
1814 4042 1937 4106 viri
1976 4041 2151 4107 docti
2206 4062 2474 4126 operam
2521 4046 3060 4124 consumpserunt

675 4164 870 4227 quam
905 4145 1274 4224 maximam,
1318 4143 1414 4209 ita
1444 4148 1519 4209 ut
1549 4146 1738 4228 quasi
1769 4144 1850 4210 de
1879 4144 2157 4211 historia
2185 4144 2379 4210 huius
2412 4144 2813 4229 quaestionis
2844 4142 3061 4209 dicere

673 4248 1014 4331 possimus.
1103 4245 1330 4330 Neque
1378 4254 1618 4329 tamen,
1667 4249 1722 4314 si
1766 4249 1888 4314 viri
1928 4247 2104 4314 docti
2147 4255 2440 4314 veterum
2488 4248 3062 4331 grammaticorum

675 4388 759 4399 -
799 4350 932 4434 qui,
975 4354 1050 4415 ut
1095 4349 1251 4415 mihi
1298 4351 1557 4435 quidem
1602 4352 1879 4433 videtur,
1922 4352 2052 4417 iam
2100 4358 2278 4418 recte
2321 4351 2515 4417 huius
2557 4373 2714 4416 usus
2759 4357 3089 4417 naturam·

677 4460 1115 4538 cognoverant
1142 4492 1227 4503 —
1259 4454 1382 4521 sibi
1411 4455 1477 4520 in
1510 4461 1788 4521 mentem
1822 4456 2302 4522 revocavissent
2340 4455 2733 4536 testimonia,
2780 4454 2863 4519 ad
2896 4457 3062 4521 mira
