<?xml version="1.0" encoding="UTF-8"?>
<!DOCTYPE html PUBLIC "-//W3C//DTD XHTML 1.0 Transitional//EN"
    "http://www.w3.org/TR/xhtml1/DTD/xhtml1-transitional.dtd">
<html xmlns="http://www.w3.org/1999/xhtml" xml:lang="en" lang="en">
 <head>
  <title>
</title>
<meta http-equiv="Content-Type" content="text/html;charset=utf-8" />
  <meta name='ocr-system' content='tesseract 3.04.00' />
  <meta name='ocr-capabilities' content='ocr_page ocr_carea ocr_par ocr_line ocrx_word'/>
</head>
<body>
  <div class='ocr_page' id='page_1' title='image "./deromanorumplur00schigoog_0161.png"; bbox 0 0 3325 5359; ppageno 0'>
   <div class='ocr_carea' id='block_1_1' title="bbox 1167 662 1629 743">
    <p class='ocr_par' dir='ltr' id='par_1_1' title="bbox 1167 662 1629 743">
     <span class='ocr_line' id='line_1_1' title="bbox 1167 662 1629 743; baseline -0.006 0"><span class='ocrx_word' id='word_1_1' title='bbox 1167 662 1629 743; x_wconf 76' lang='lat' dir='ltr'><strong>VITA.</strong></span> 
     </span>
    </p>
   </div>
   <div class='ocr_carea' id='block_1_2' title="bbox 1298 824 1504 832">
    <p class='ocr_par' dir='ltr' id='par_1_2' title="bbox 1298 824 1504 832">
     <span class='ocr_line' id='line_1_2' title="bbox 1298 824 1504 832; baseline 0 4527"><span class='ocrx_word' id='word_1_2' title='bbox 1298 824 1504 832; x_wconf 95' lang='lat' dir='ltr'><strong> </strong></span> 
     </span>
    </p>
   </div>
   <div class='ocr_carea' id='block_1_3' title="bbox 202 905 2592 3787">
    <p class='ocr_par' dir='ltr' id='par_1_3' title="bbox 202 905 2592 3474">
     <span class='ocr_line' id='line_1_3' title="bbox 386 905 2589 989; baseline -0.001 -17"><span class='ocrx_word' id='word_1_3' title='bbox 386 906 859 972; x_wconf 83' lang='lat' dir='ltr'><strong>Guilelmus</strong></span> <span class='ocrx_word' id='word_1_4' title='bbox 922 905 1240 971; x_wconf 72' lang='lat' dir='ltr'><strong>schini&lt;</strong></span> <span class='ocrx_word' id='word_1_5' title='bbox 1299 905 1621 971; x_wconf 88' lang='lat' dir='ltr'><strong>Borussus</strong></span> <span class='ocrx_word' id='word_1_6' title='bbox 1664 912 1860 971; x_wconf 89' lang='lat' dir='ltr'><strong>natus</strong></span> <span class='ocrx_word' id='word_1_7' title='bbox 1907 927 2046 970; x_wconf 91' lang='lat' dir='ltr'><strong>sum</strong></span> <span class='ocrx_word' id='word_1_8' title='bbox 2105 907 2172 970; x_wconf 88' lang='lat' dir='ltr'><strong>in</strong></span> <span class='ocrx_word' id='word_1_9' title='bbox 2214 906 2589 989; x_wconf 86' lang='lat' dir='ltr'><strong>provinciae</strong></span> 
     </span>
     <span class='ocr_line' id='line_1_4' title="bbox 210 1009 2588 1081; baseline 0 -8"><span class='ocrx_word' id='word_1_10' title='bbox 210 1009 563 1075; x_wconf 88' lang='lat' dir='ltr'><strong>Rhenanae</strong></span> <span class='ocrx_word' id='word_1_11' title='bbox 606 1012 747 1081; x_wconf 80' lang='lat' dir='ltr'><strong>vico</strong></span> <span class='ocrx_word' id='word_1_12' title='bbox 794 1010 898 1074; x_wconf 86' lang='lat' dir='ltr'><strong>eui</strong></span> <span class='ocrx_word' id='word_1_13' title='bbox 940 1030 1171 1074; x_wconf 90' lang='lat' dir='ltr'><strong>nomen</strong></span> <span class='ocrx_word' id='word_1_14' title='bbox 1216 1016 1317 1075; x_wconf 87' lang='lat' dir='ltr'><strong>est</strong></span> <span class='ocrx_word' id='word_1_15' title='bbox 1360 1009 1734 1074; x_wconf 87' lang='lat' dir='ltr'><strong>Hellenthal</strong></span> <span class='ocrx_word' id='word_1_16' title='bbox 1782 1031 1839 1074; x_wconf 89' lang='lat' dir='ltr'><strong>a.</strong></span> <span class='ocrx_word' id='word_1_17' title='bbox 1890 1010 1948 1073; x_wconf 91' lang='lat' dir='ltr'><strong>d.</strong></span> <span class='ocrx_word' id='word_1_18' title='bbox 1990 1009 2194 1074; x_wconf 89' lang='lat' dir='ltr'>XVII.</span> <span class='ocrx_word' id='word_1_19' title='bbox 2226 1009 2366 1073; x_wconf 90' lang='lat' dir='ltr'><strong>Kal.</strong></span> <span class='ocrx_word' id='word_1_20' title='bbox 2397 1009 2588 1074; x_wconf 83' lang='lat' dir='ltr'><strong>Febr.</strong></span> 
     </span>
     <span class='ocr_line' id='line_1_5' title="bbox 209 1112 2588 1197; baseline -0 -20"><span class='ocrx_word' id='word_1_21' title='bbox 209 1114 361 1177; x_wconf 89' lang='lat' dir='ltr'><strong>anni</strong></span> <span class='ocrx_word' id='word_1_22' title='bbox 408 1112 1083 1179; x_wconf 86' lang='lat' dir='ltr'>MDCCCLXXXVIII</span> <span class='ocrx_word' id='word_1_23' title='bbox 1138 1117 1327 1197; x_wconf 91' lang='lat' dir='ltr'><strong>patre</strong></span> <span class='ocrx_word' id='word_1_24' title='bbox 1373 1113 1655 1190; x_wconf 85' lang='lat' dir='ltr'><strong>Ricardo</strong></span> <span class='ocrx_word' id='word_1_25' title='bbox 1713 1125 1924 1178; x_wconf 89' lang='lat' dir='ltr'><strong>matre</strong></span> <span class='ocrx_word' id='word_1_26' title='bbox 1969 1134 2004 1177; x_wconf 92' lang='lat' dir='ltr'><strong>e</strong></span> <span class='ocrx_word' id='word_1_27' title='bbox 2052 1119 2242 1196; x_wconf 85' lang='lat' dir='ltr'><strong>gente</strong></span> <span class='ocrx_word' id='word_1_28' title='bbox 2285 1112 2588 1177; x_wconf 85' lang='lat' dir='ltr'><strong>Kebrein.</strong></span> 
     </span>
     <span class='ocr_line' id='line_1_6' title="bbox 207 1215 2589 1299; baseline 0 -20"><span class='ocrx_word' id='word_1_29' title='bbox 207 1216 392 1281; x_wconf 89' lang='lat' dir='ltr'><strong>Fidei</strong></span> <span class='ocrx_word' id='word_1_30' title='bbox 438 1216 737 1282; x_wconf 88' lang='lat' dir='ltr'><strong>addictus</strong></span> <span class='ocrx_word' id='word_1_31' title='bbox 782 1238 924 1281; x_wconf 90' lang='lat' dir='ltr'><strong>sum</strong></span> <span class='ocrx_word' id='word_1_32' title='bbox 972 1216 1398 1299; x_wconf 81' lang='lat' dir='ltr'><strong>evangelicae.</strong></span> <span class='ocrx_word' id='word_1_33' title='bbox 1476 1216 1874 1281; x_wconf 79' lang='lat' dir='ltr'><strong>Litterarum</strong></span> <span class='ocrx_word' id='word_1_34' title='bbox 1923 1216 2256 1281; x_wconf 88' lang='lat' dir='ltr'><strong>elementis</strong></span> <span class='ocrx_word' id='word_1_35' title='bbox 2301 1215 2589 1280; x_wconf 85' lang='lat' dir='ltr'><strong>imbutus</strong></span> 
     </span>
     <span class='ocr_line' id='line_1_7' title="bbox 208 1319 2592 1402; baseline 0 -19"><span class='ocrx_word' id='word_1_36' title='bbox 208 1319 293 1384; x_wconf 91' lang='lat' dir='ltr'><strong>ab</strong></span> <span class='ocrx_word' id='word_1_37' title='bbox 356 1338 523 1384; x_wconf 89' lang='lat' dir='ltr'><strong>anno</strong></span> <span class='ocrx_word' id='word_1_38' title='bbox 585 1319 1167 1386; x_wconf 85' lang='lat' dir='ltr'>MDCCCLIXVIII</span> <span class='ocrx_word' id='word_1_39' title='bbox 1229 1340 1433 1402; x_wconf 88' lang='lat' dir='ltr'><strong>usque</strong></span> <span class='ocrx_word' id='word_1_40' title='bbox 1494 1319 1578 1383; x_wconf 91' lang='lat' dir='ltr'><strong>ad</strong></span> <span class='ocrx_word' id='word_1_41' title='bbox 1640 1341 1874 1384; x_wconf 89' lang='lat' dir='ltr'><strong>annum</strong></span> <span class='ocrx_word' id='word_1_42' title='bbox 1935 1320 2128 1384; x_wconf 92' lang='lat' dir='ltr'><strong>huius</strong></span> <span class='ocrx_word' id='word_1_43' title='bbox 2187 1319 2430 1385; x_wconf 89' lang='lat' dir='ltr'><strong>saeculi</strong></span> <span class='ocrx_word' id='word_1_44' title='bbox 2500 1320 2592 1383; x_wconf 93' lang='lat' dir='ltr'><strong>III</strong></span> 
     </span>
     <span class='ocr_line' id='line_1_8' title="bbox 209 1422 2590 1508; baseline -0 -22"><span class='ocrx_word' id='word_1_45' title='bbox 209 1422 496 1487; x_wconf 89' lang='lat' dir='ltr'><strong>scholam</strong></span> <span class='ocrx_word' id='word_1_46' title='bbox 523 1422 1018 1500; x_wconf 88' lang='lat' dir='ltr'><strong>Schleideniam‚</strong></span> <span class='ocrx_word' id='word_1_47' title='bbox 1052 1423 1283 1488; x_wconf 91' lang='lat' dir='ltr'><strong>deinde</strong></span> <span class='ocrx_word' id='word_1_48' title='bbox 1314 1423 1716 1508; x_wconf 80' lang='lat' dir='ltr'><strong>gymnasium</strong></span> <span class='ocrx_word' id='word_1_49' title='bbox 1739 1422 2238 1488; x_wconf 87' lang='lat' dir='ltr'><strong>Euskirchiense</strong></span> <span class='ocrx_word' id='word_1_50' title='bbox 2263 1422 2590 1487; x_wconf 88' lang='lat' dir='ltr'><strong>Hammel-</strong></span> 
     </span>
     <span class='ocr_line' id='line_1_9' title="bbox 206 1525 2591 1611; baseline 0 -22"><span class='ocrx_word' id='word_1_51' title='bbox 206 1526 423 1590; x_wconf 90' lang='lat' dir='ltr'><strong>rathio</strong></span> <span class='ocrx_word' id='word_1_52' title='bbox 470 1526 793 1595; x_wconf 82' lang='lat' dir='ltr'>directore</span> <span class='ocrx_word' id='word_1_53' title='bbox 850 1525 1276 1611; x_wconf 81' lang='lat' dir='ltr'><strong>frequentavi.</strong></span> <span class='ocrx_word' id='word_1_54' title='bbox 1372 1527 1534 1591; x_wconf 90' lang='lat' dir='ltr'><strong>Vere</strong></span> <span class='ocrx_word' id='word_1_55' title='bbox 1590 1529 1741 1592; x_wconf 88' lang='lat' dir='ltr'><strong>anni</strong></span> <span class='ocrx_word' id='word_1_56' title='bbox 1802 1527 1862 1590; x_wconf 90' lang='lat' dir='ltr'><strong>h.</strong></span> <span class='ocrx_word' id='word_1_57' title='bbox 1913 1548 1959 1591; x_wconf 89' lang='lat' dir='ltr'><strong>s.</strong></span> <span class='ocrx_word' id='word_1_58' title='bbox 2004 1526 2150 1590; x_wconf 92' lang='lat' dir='ltr'>VIII</span> <span class='ocrx_word' id='word_1_59' title='bbox 2193 1528 2591 1591; x_wconf 83' lang='lat' dir='ltr'><strong>maturitatis</strong></span> 
     </span>
     <span class='ocr_line' id='line_1_10' title="bbox 205 1625 2584 1715; baseline 0.001 -23"><span class='ocrx_word' id='word_1_60' title='bbox 205 1631 643 1695; x_wconf 86' lang='lat' dir='ltr'><strong>testimonium</strong></span> <span class='ocrx_word' id='word_1_61' title='bbox 677 1629 955 1715; x_wconf 87' lang='lat' dir='ltr'><strong>adeptus</strong></span> <span class='ocrx_word' id='word_1_62' title='bbox 978 1630 1217 1695; x_wconf 88' lang='lat' dir='ltr'><strong>almam</strong></span> <span class='ocrx_word' id='word_1_63' title='bbox 1243 1635 1518 1695; x_wconf 88' lang='lat' dir='ltr'><strong>matrem</strong></span> <span class='ocrx_word' id='word_1_64' title='bbox 1552 1630 2007 1715; x_wconf 88' lang='lat' dir='ltr'><strong>Philippinam,</strong></span> <span class='ocrx_word' id='word_1_65' title='bbox 2037 1630 2077 1694; x_wconf 91' lang='lat' dir='ltr'><strong>i.</strong></span> <span class='ocrx_word' id='word_1_66' title='bbox 2105 1625 2157 1693; x_wconf 87' lang='lat' dir='ltr'><strong>e.</strong></span> <span class='ocrx_word' id='word_1_67' title='bbox 2183 1630 2584 1697; x_wconf 86' lang='lat' dir='ltr'><strong>academiam</strong></span> 
     </span>
     <span class='ocr_line' id='line_1_11' title="bbox 207 1733 2586 1818; baseline 0.001 -21"><span class='ocrx_word' id='word_1_68' title='bbox 207 1734 739 1817; x_wconf 89' lang='lat' dir='ltr'><strong>Marpurgensem</strong></span> <span class='ocrx_word' id='word_1_69' title='bbox 784 1735 1002 1818; x_wconf 80' lang='lat' dir='ltr'><strong>petivi.</strong></span> <span class='ocrx_word' id='word_1_70' title='bbox 1092 1733 1288 1799; x_wconf 89' lang='lat' dir='ltr'><strong>Cuius</strong></span> <span class='ocrx_word' id='word_1_71' title='bbox 1340 1754 1460 1817; x_wconf 91' lang='lat' dir='ltr'><strong>per</strong></span> <span class='ocrx_word' id='word_1_72' title='bbox 1504 1755 1619 1798; x_wconf 87' lang='lat' dir='ltr'><strong>sex</strong></span> <span class='ocrx_word' id='word_1_73' title='bbox 1674 1754 1926 1798; x_wconf 91' lang='lat' dir='ltr'><strong>menses</strong></span> <span class='ocrx_word' id='word_1_74' title='bbox 1974 1733 2130 1798; x_wconf 84' lang='lat' dir='ltr'><strong>civis</strong></span> <span class='ocrx_word' id='word_1_75' title='bbox 2177 1733 2287 1798; x_wconf 85' lang='lat' dir='ltr'><strong>fui.</strong></span> <span class='ocrx_word' id='word_1_76' title='bbox 2373 1734 2586 1799; x_wconf 89' lang='lat' dir='ltr'><strong>Docu-</strong></span> 
     </span>
     <span class='ocr_line' id='line_1_12' title="bbox 208 1836 2585 1929; baseline 0 -28"><span class='ocrx_word' id='word_1_77' title='bbox 208 1842 399 1902; x_wconf 91' lang='lat' dir='ltr'><strong>erunt</strong></span> <span class='ocrx_word' id='word_1_78' title='bbox 429 1858 529 1902; x_wconf 90' lang='lat' dir='ltr'><strong>me</strong></span> <span class='ocrx_word' id='word_1_79' title='bbox 558 1838 680 1901; x_wconf 84' lang='lat' dir='ltr'><strong>viri</strong></span> <span class='ocrx_word' id='word_1_80' title='bbox 710 1837 1066 1902; x_wconf 81' lang='lat' dir='ltr'><strong>doctissimi</strong></span> <span class='ocrx_word' id='word_1_81' title='bbox 1100 1837 1313 1917; x_wconf 87' lang='lat' dir='ltr'><strong>Birt,</strong></span> <span class='ocrx_word' id='word_1_82' title='bbox 1346 1837 1922 1914; x_wconf 83' lang='lat' dir='ltr'><strong>Kalbfleisch,</strong></span> <span class='ocrx_word' id='word_1_83' title='bbox 1967 1836 2248 1916; x_wconf 86' lang='lat' dir='ltr'><strong>Klebs,</strong></span> <span class='ocrx_word' id='word_1_84' title='bbox 2287 1836 2585 1929; x_wconf 74' lang='lat' dir='ltr'><strong>Maass,</strong></span> 
     </span>
     <span class='ocr_line' id='line_1_13' title="bbox 207 1939 2587 2025; baseline 0.001 -22"><span class='ocrx_word' id='word_1_85' title='bbox 207 1940 529 2024; x_wconf 88' lang='lat' dir='ltr'><strong>Natorp,</strong></span> <span class='ocrx_word' id='word_1_86' title='bbox 558 1939 839 2005; x_wconf 90' lang='lat' dir='ltr'><strong>Thiele.</strong></span> <span class='ocrx_word' id='word_1_87' title='bbox 886 1941 1481 2006; x_wconf 85' lang='lat' dir='ltr'><strong>Exercitationibus</strong></span> <span class='ocrx_word' id='word_1_88' title='bbox 1514 1941 1966 2025; x_wconf 87' lang='lat' dir='ltr'><strong>proseminarii</strong></span> <span class='ocrx_word' id='word_1_89' title='bbox 1995 1939 2262 2005; x_wconf 87' lang='lat' dir='ltr'><strong>interfui</strong></span> <span class='ocrx_word' id='word_1_90' title='bbox 2285 1940 2587 2005; x_wconf 89' lang='lat' dir='ltr'><strong>Thielio</strong></span> 
     </span>
     <span class='ocr_line' id='line_1_14' title="bbox 208 2044 2589 2124; baseline 0 -16"><span class='ocrx_word' id='word_1_91' title='bbox 208 2044 607 2109; x_wconf 86' lang='lat' dir='ltr'><strong>moderante.</strong></span> <span class='ocrx_word' id='word_1_92' title='bbox 664 2046 989 2109; x_wconf 89' lang='lat' dir='ltr'><strong>Autumno</strong></span> <span class='ocrx_word' id='word_1_93' title='bbox 1024 2045 1309 2110; x_wconf 89' lang='lat' dir='ltr'><strong>eiusdem</strong></span> <span class='ocrx_word' id='word_1_94' title='bbox 1342 2046 1495 2109; x_wconf 89' lang='lat' dir='ltr'><strong>anni</strong></span> <span class='ocrx_word' id='word_1_95' title='bbox 1526 2046 1659 2109; x_wconf 86' lang='lat' dir='ltr'><strong>adii</strong></span> <span class='ocrx_word' id='word_1_96' title='bbox 1691 2044 2092 2109; x_wconf 82' lang='lat' dir='ltr'><strong>academiam</strong></span> <span class='ocrx_word' id='word_1_97' title='bbox 2118 2044 2589 2124; x_wconf 87' lang='lat' dir='ltr'><strong>Monacensem,</strong></span> 
     </span>
     <span class='ocr_line' id='line_1_15' title="bbox 207 2146 2590 2232; baseline 0 -21"><span class='ocrx_word' id='word_1_98' title='bbox 207 2147 321 2211; x_wconf 93' lang='lat' dir='ltr'><strong>ubi</strong></span> <span class='ocrx_word' id='word_1_99' title='bbox 362 2168 481 2231; x_wconf 88' lang='lat' dir='ltr'><strong>per</strong></span> <span class='ocrx_word' id='word_1_100' title='bbox 526 2153 835 2213; x_wconf 88' lang='lat' dir='ltr'><strong>semestre</strong></span> <span class='ocrx_word' id='word_1_101' title='bbox 874 2148 1091 2212; x_wconf 87' lang='lat' dir='ltr'><strong>audivi</strong></span> <span class='ocrx_word' id='word_1_102' title='bbox 1137 2148 1310 2213; x_wconf 83' lang='lat' dir='ltr'><strong>viros</strong></span> <span class='ocrx_word' id='word_1_103' title='bbox 1357 2148 1764 2213; x_wconf 82' lang='lat' dir='ltr'><strong>doctissimos</strong></span> <span class='ocrx_word' id='word_1_104' title='bbox 1798 2146 2213 2225; x_wconf 88' lang='lat' dir='ltr'><strong>Crusium,</strong></span> <span class='ocrx_word' id='word_1_105' title='bbox 2261 2148 2590 2232; x_wconf 87' lang='lat' dir='ltr'><strong>Drerup,</strong></span> 
     </span>
     <span class='ocr_line' id='line_1_16' title="bbox 206 2250 2592 2335; baseline 0.001 -22"><span class='ocrx_word' id='word_1_106' title='bbox 206 2250 496 2333; x_wconf 90' lang='lat' dir='ltr'><strong>Lipps,</strong></span> <span class='ocrx_word' id='word_1_107' title='bbox 556 2252 835 2331; x_wconf 87' lang='lat' dir='ltr'><strong>Rehm,</strong></span> <span class='ocrx_word' id='word_1_108' title='bbox 895 2251 1295 2329; x_wconf 92' lang='lat' dir='ltr'><strong>Vollmer,</strong></span> <span class='ocrx_word' id='word_1_109' title='bbox 1355 2252 1753 2335; x_wconf 84' lang='lat' dir='ltr'><strong>Weyman.</strong></span> <span class='ocrx_word' id='word_1_110' title='bbox 1856 2250 1954 2315; x_wconf 87' lang='lat' dir='ltr'><strong>Ad</strong></span> <span class='ocrx_word' id='word_1_111' title='bbox 2015 2252 2345 2315; x_wconf 90' lang='lat' dir='ltr'><strong>seminarii</strong></span> <span class='ocrx_word' id='word_1_112' title='bbox 2407 2272 2592 2316; x_wconf 86' lang='lat' dir='ltr'><strong>exer-</strong></span> 
     </span>
     <span class='ocr_line' id='line_1_17' title="bbox 207 2354 2588 2437; baseline 0.001 -20"><span class='ocrx_word' id='word_1_113' title='bbox 207 2355 547 2419; x_wconf 88' lang='lat' dir='ltr'><strong>citationes</strong></span> <span class='ocrx_word' id='word_1_114' title='bbox 590 2354 989 2421; x_wconf 89' lang='lat' dir='ltr'><strong>Rehmius</strong></span> <span class='ocrx_word' id='word_1_115' title='bbox 1033 2377 1134 2419; x_wconf 90' lang='lat' dir='ltr'><strong>me</strong></span> <span class='ocrx_word' id='word_1_116' title='bbox 1182 2355 1457 2420; x_wconf 87' lang='lat' dir='ltr'><strong>admisit.</strong></span> <span class='ocrx_word' id='word_1_117' title='bbox 1521 2357 1690 2420; x_wconf 91' lang='lat' dir='ltr'><strong>Vere</strong></span> <span class='ocrx_word' id='word_1_118' title='bbox 1735 2356 1885 2419; x_wconf 88' lang='lat' dir='ltr'><strong>anni</strong></span> <span class='ocrx_word' id='word_1_119' title='bbox 1933 2356 2264 2437; x_wconf 87' lang='lat' dir='ltr'><strong>sequentis</strong></span> <span class='ocrx_word' id='word_1_120' title='bbox 2295 2354 2588 2420; x_wconf 89' lang='lat' dir='ltr'><strong>Bonnam</strong></span> 
     </span>
     <span class='ocr_line' id='line_1_18' title="bbox 208 2457 2588 2537; baseline 0.001 -16"><span class='ocrx_word' id='word_1_121' title='bbox 208 2480 309 2523; x_wconf 89' lang='lat' dir='ltr'><strong>me</strong></span> <span class='ocrx_word' id='word_1_122' title='bbox 355 2458 618 2537; x_wconf 87' lang='lat' dir='ltr'><strong>contuli,</strong></span> <span class='ocrx_word' id='word_1_123' title='bbox 665 2458 777 2523; x_wconf 94' lang='lat' dir='ltr'><strong>ubi</strong></span> <span class='ocrx_word' id='word_1_124' title='bbox 824 2459 1038 2523; x_wconf 86' lang='lat' dir='ltr'><strong>audivi</strong></span> <span class='ocrx_word' id='word_1_125' title='bbox 1085 2460 1257 2523; x_wconf 89' lang='lat' dir='ltr'><strong>viros</strong></span> <span class='ocrx_word' id='word_1_126' title='bbox 1300 2460 1706 2524; x_wconf 87' lang='lat' dir='ltr'><strong>doctissimos</strong></span> <span class='ocrx_word' id='word_1_127' title='bbox 1751 2458 2298 2536; x_wconf 89' lang='lat' dir='ltr'><strong>Brinkmann,</strong></span> <span class='ocrx_word' id='word_1_128' title='bbox 2345 2457 2588 2537; x_wconf 86' lang='lat' dir='ltr'><strong>Marx,</strong></span> 
     </span>
     <span class='ocr_line' id='line_1_19' title="bbox 208 2561 2583 2645; baseline 0 -20"><span class='ocrx_word' id='word_1_129' title='bbox 208 2562 411 2626; x_wconf 90' lang='lat' dir='ltr'><strong>Loes</strong></span> <span class='ocrx_word' id='word_1_130' title='bbox 432 2561 583 2625; x_wconf 91' lang='lat' dir='ltr'><strong>chk</strong></span> <span class='ocrx_word' id='word_1_131' title='bbox 604 2584 668 2642; x_wconf 90' lang='lat' dir='ltr'><strong>e,</strong></span> <span class='ocrx_word' id='word_1_132' title='bbox 714 2563 1149 2626; x_wconf 89' lang='lat' dir='ltr'><strong>Erdmann.</strong></span> <span class='ocrx_word' id='word_1_133' title='bbox 1230 2565 1552 2628; x_wconf 81' lang='lat' dir='ltr'><strong>Autumno</strong></span> <span class='ocrx_word' id='word_1_134' title='bbox 1600 2564 1752 2627; x_wconf 91' lang='lat' dir='ltr'><strong>anni</strong></span> <span class='ocrx_word' id='word_1_135' title='bbox 1797 2563 1857 2626; x_wconf 86' lang='lat' dir='ltr'><strong>h.</strong></span> <span class='ocrx_word' id='word_1_136' title='bbox 1891 2583 1938 2626; x_wconf 83' lang='lat' dir='ltr'><strong>S.</strong></span> <span class='ocrx_word' id='word_1_137' title='bbox 1970 2562 2081 2627; x_wconf 74' lang='lat' dir='ltr'><strong>lx.</strong></span> <span class='ocrx_word' id='word_1_138' title='bbox 2113 2562 2314 2645; x_wconf 85' lang='lat' dir='ltr'><strong>petivi</strong></span> <span class='ocrx_word' id='word_1_139' title='bbox 2345 2562 2583 2633; x_wconf 88' lang='lat' dir='ltr'><strong>almam</strong></span> 
     </span>
     <span class='ocr_line' id='line_1_20' title="bbox 208 2650 2588 2745; baseline 0 -16"><span class='ocrx_word' id='word_1_140' title='bbox 208 2670 480 2730; x_wconf 89' lang='lat' dir='ltr'><strong>matrem</strong></span> <span class='ocrx_word' id='word_1_141' title='bbox 536 2665 887 2745; x_wconf 78' lang='lat' dir='ltr'><strong>lenensem,</strong></span> <span class='ocrx_word' id='word_1_142' title='bbox 950 2650 1130 2731; x_wconf 87' lang='lat' dir='ltr'><strong>cuius</strong></span> <span class='ocrx_word' id='word_1_143' title='bbox 1177 2668 1333 2731; x_wconf 84' lang='lat' dir='ltr'><strong>civis</strong></span> <span class='ocrx_word' id='word_1_144' title='bbox 1391 2667 1603 2732; x_wconf 89' lang='lat' dir='ltr'><strong>adhuc</strong></span> <span class='ocrx_word' id='word_1_145' title='bbox 1662 2688 1821 2731; x_wconf 86' lang='lat' dir='ltr'><strong>sum.</strong></span> <span class='ocrx_word' id='word_1_146' title='bbox 1912 2667 2036 2730; x_wconf 90' lang='lat' dir='ltr'><strong>Hic</strong></span> <span class='ocrx_word' id='word_1_147' title='bbox 2081 2666 2446 2730; x_wconf 88' lang='lat' dir='ltr'><strong>docuerunt</strong></span> <span class='ocrx_word' id='word_1_148' title='bbox 2487 2687 2588 2729; x_wconf 88' lang='lat' dir='ltr'><strong>me</strong></span> 
     </span>
     <span class='ocr_line' id='line_1_21' title="bbox 206 2769 2586 2850; baseline 0 -18"><span class='ocrx_word' id='word_1_149' title='bbox 206 2769 326 2833; x_wconf 84' lang='lat' dir='ltr'><strong>viri</strong></span> <span class='ocrx_word' id='word_1_150' title='bbox 355 2769 774 2834; x_wconf 83' lang='lat' dir='ltr'><strong>illustrissimi</strong></span> <span class='ocrx_word' id='word_1_151' title='bbox 804 2775 870 2835; x_wconf 93' lang='lat' dir='ltr'><strong>et</strong></span> <span class='ocrx_word' id='word_1_152' title='bbox 901 2769 1255 2835; x_wconf 86' lang='lat' dir='ltr'><strong>doctissimi</strong></span> <span class='ocrx_word' id='word_1_153' title='bbox 1289 2769 1546 2850; x_wconf 91' lang='lat' dir='ltr'><strong>Diehl,</strong></span> <span class='ocrx_word' id='word_1_154' title='bbox 1578 2770 1937 2849; x_wconf 89' lang='lat' dir='ltr'><strong>Eucken,</strong></span> <span class='ocrx_word' id='word_1_155' title='bbox 1975 2770 2586 2849; x_wconf 87' lang='lat' dir='ltr'><strong>Goetz‚Hi1·zel,</strong></span> 
     </span>
     <span class='ocr_line' id='line_1_22' title="bbox 208 2862 2591 2957; baseline 0 -21"><span class='ocrx_word' id='word_1_156' title='bbox 208 2874 743 2954; x_wconf 85' lang='lat' dir='ltr'><strong>Leitzmann,</strong></span> <span class='ocrx_word' id='word_1_157' title='bbox 803 2873 1078 2939; x_wconf 91' lang='lat' dir='ltr'><strong>Liebm</strong></span> <span class='ocrx_word' id='word_1_158' title='bbox 1100 2894 1288 2953; x_wconf 89' lang='lat' dir='ltr'><strong>ann,</strong></span> <span class='ocrx_word' id='word_1_159' title='bbox 1335 2873 1720 2938; x_wconf 88' lang='lat' dir='ltr'><strong>Michels.</strong></span> <span class='ocrx_word' id='word_1_160' title='bbox 1812 2874 1900 2938; x_wconf 90' lang='lat' dir='ltr'><strong>Ut</strong></span> <span class='ocrx_word' id='word_1_161' title='bbox 1945 2862 2274 2939; x_wconf 89' lang='lat' dir='ltr'><strong>seminarii</strong></span> <span class='ocrx_word' id='word_1_162' title='bbox 2314 2882 2482 2957; x_wconf 89' lang='lat' dir='ltr'><strong>part.</strong></span> <span class='ocrx_word' id='word_1_163' title='bbox 2528 2874 2591 2938; x_wconf 93' lang='lat' dir='ltr'><strong>II</strong></span> 
     </span>
     <span class='ocr_line' id='line_1_23' title="bbox 208 2976 2589 3061; baseline 0 -21"><span class='ocrx_word' id='word_1_164' title='bbox 208 2997 412 3042; x_wconf 90' lang='lat' dir='ltr'><strong>essem</strong></span> <span class='ocrx_word' id='word_1_165' title='bbox 460 2977 708 3041; x_wconf 88' lang='lat' dir='ltr'><strong>sodalis·</strong></span> <span class='ocrx_word' id='word_1_166' title='bbox 747 2977 1113 3041; x_wconf 89' lang='lat' dir='ltr'><strong>ordinarius</strong></span> <span class='ocrx_word' id='word_1_167' title='bbox 1158 2977 1591 3061; x_wconf 90' lang='lat' dir='ltr'><strong>permiserunt</strong></span> <span class='ocrx_word' id='word_1_168' title='bbox 1647 2977 1925 3059; x_wconf 83' lang='lat' dir='ltr'><strong>benigne</strong></span> <span class='ocrx_word' id='word_1_169' title='bbox 1970 2976 2252 3055; x_wconf 89' lang='lat' dir='ltr'><strong>Diehl,</strong></span> <span class='ocrx_word' id='word_1_170' title='bbox 2291 2977 2589 3056; x_wconf 88' lang='lat' dir='ltr'><strong>Goetz,</strong></span> 
     </span>
     <span class='ocr_line' id='line_1_24' title="bbox 208 3080 2589 3163; baseline 0 -19"><span class='ocrx_word' id='word_1_171' title='bbox 208 3080 526 3146; x_wconf 89' lang='lat' dir='ltr'><strong>Hirzel.</strong></span> <span class='ocrx_word' id='word_1_172' title='bbox 616 3080 813 3145; x_wconf 88' lang='lat' dir='ltr'><strong>Cuius</strong></span> <span class='ocrx_word' id='word_1_173' title='bbox 877 3080 1205 3145; x_wconf 90' lang='lat' dir='ltr'><strong>seminarii</strong></span> <span class='ocrx_word' id='word_1_174' title='bbox 1244 3080 1484 3145; x_wconf 87' lang='lat' dir='ltr'><strong>sodalis</strong></span> <span class='ocrx_word' id='word_1_175' title='bbox 1529 3080 1895 3145; x_wconf 85' lang='lat' dir='ltr'><strong>ordinarius</strong></span> <span class='ocrx_word' id='word_1_176' title='bbox 1941 3102 2117 3145; x_wconf 91' lang='lat' dir='ltr'><strong>eram</strong></span> <span class='ocrx_word' id='word_1_177' title='bbox 2163 3101 2282 3163; x_wconf 90' lang='lat' dir='ltr'><strong>per</strong></span> <span class='ocrx_word' id='word_1_178' title='bbox 2326 3080 2427 3145; x_wconf 90' lang='lat' dir='ltr'><strong>bis</strong></span> <span class='ocrx_word' id='word_1_179' title='bbox 2475 3102 2589 3145; x_wconf 85' lang='lat' dir='ltr'><strong>sex</strong></span> 
     </span>
     <span class='ocr_line' id='line_1_25' title="bbox 202 3183 2584 3267; baseline -0 -18"><span class='ocrx_word' id='word_1_180' title='bbox 202 3206 473 3249; x_wconf 89' lang='lat' dir='ltr'><strong>menses.</strong></span> <span class='ocrx_word' id='word_1_181' title='bbox 551 3184 893 3249; x_wconf 88' lang='lat' dir='ltr'><strong>Seminarii</strong></span> <span class='ocrx_word' id='word_1_182' title='bbox 934 3184 1286 3267; x_wconf 88' lang='lat' dir='ltr'><strong>superioris</strong></span> <span class='ocrx_word' id='word_1_183' title='bbox 1319 3189 1542 3248; x_wconf 89' lang='lat' dir='ltr'><strong>coetus</strong></span> <span class='ocrx_word' id='word_1_184' title='bbox 1572 3191 1645 3248; x_wconf 93' lang='lat' dir='ltr'><strong>ut</strong></span> <span class='ocrx_word' id='word_1_185' title='bbox 1691 3183 1931 3248; x_wconf 88' lang='lat' dir='ltr'><strong>sodalis</strong></span> <span class='ocrx_word' id='word_1_186' title='bbox 1977 3204 2183 3249; x_wconf 92' lang='lat' dir='ltr'><strong>essem</strong></span> <span class='ocrx_word' id='word_1_187' title='bbox 2215 3184 2584 3249; x_wconf 88' lang='lat' dir='ltr'><strong>ordinarius</strong></span> 
     </span>
     <span class='ocr_line' id='line_1_26' title="bbox 206 3286 2586 3353; baseline 0 -1"><span class='ocrx_word' id='word_1_188' title='bbox 206 3288 611 3352; x_wconf 83' lang='lat' dir='ltr'><strong>humanitate</strong></span> <span class='ocrx_word' id='word_1_189' title='bbox 681 3286 979 3352; x_wconf 87' lang='lat' dir='ltr'><strong>effectum</strong></span> <span class='ocrx_word' id='word_1_190' title='bbox 1050 3293 1149 3352; x_wconf 90' lang='lat' dir='ltr'><strong>est</strong></span> <span class='ocrx_word' id='word_1_191' title='bbox 1214 3288 1543 3352; x_wconf 89' lang='lat' dir='ltr'><strong>Goetzii</strong></span> <span class='ocrx_word' id='word_1_192' title='bbox 1614 3293 1680 3351; x_wconf 90' lang='lat' dir='ltr'><strong>et</strong></span> <span class='ocrx_word' id='word_1_193' title='bbox 1748 3287 2107 3351; x_wconf 87' lang='lat' dir='ltr'><strong>Hirzelii</strong></span> <span class='ocrx_word' id='word_1_194' title='bbox 2173 3287 2586 3353; x_wconf 87' lang='lat' dir='ltr'><strong>directorum.</strong></span> 
     </span>
     <span class='ocr_line' id='line_1_27' title="bbox 206 3390 2588 3474; baseline 0 -19"><span class='ocrx_word' id='word_1_195' title='bbox 206 3391 803 3456; x_wconf 88' lang='lat' dir='ltr'><strong>Exercitationibus</strong></span> <span class='ocrx_word' id='word_1_196' title='bbox 868 3390 1336 3474; x_wconf 88' lang='lat' dir='ltr'><strong>philosophicis</strong></span> <span class='ocrx_word' id='word_1_197' title='bbox 1403 3390 1682 3474; x_wconf 84' lang='lat' dir='ltr'><strong>benigne</strong></span> <span class='ocrx_word' id='word_1_198' title='bbox 1744 3412 1848 3455; x_wconf 89' lang='lat' dir='ltr'><strong>me</strong></span> <span class='ocrx_word' id='word_1_199' title='bbox 1913 3391 2174 3455; x_wconf 87' lang='lat' dir='ltr'><strong>admisit</strong></span> <span class='ocrx_word' id='word_1_200' title='bbox 2233 3390 2588 3456; x_wconf 91' lang='lat' dir='ltr'><strong>Eucken.</strong></span> 
     </span>
    </p>

    <p class='ocr_par' dir='ltr' id='par_1_4' title="bbox 208 3494 2587 3787">
     <span class='ocr_line' id='line_1_28' title="bbox 381 3494 2587 3579; baseline -0 -20"><span class='ocrx_word' id='word_1_201' title='bbox 381 3495 627 3573; x_wconf 84' lang='lat' dir='ltr'><strong>Quibus</strong></span> <span class='ocrx_word' id='word_1_202' title='bbox 685 3495 1223 3579; x_wconf 89' lang='lat' dir='ltr'><strong>praeceptoribus</strong></span> <span class='ocrx_word' id='word_1_203' title='bbox 1284 3495 1445 3559; x_wconf 90' lang='lat' dir='ltr'><strong>meis</strong></span> <span class='ocrx_word' id='word_1_204' title='bbox 1513 3495 1950 3577; x_wconf 88' lang='lat' dir='ltr'><strong>gratissimam</strong></span> <span class='ocrx_word' id='word_1_205' title='bbox 2011 3515 2266 3578; x_wconf 89' lang='lat' dir='ltr'><strong>semper</strong></span> <span class='ocrx_word' id='word_1_206' title='bbox 2331 3494 2587 3560; x_wconf 90' lang='lat' dir='ltr'><strong>habebo</strong></span> 
     </span>
     <span class='ocr_line' id='line_1_29' title="bbox 208 3598 2584 3683; baseline 0 -20"><span class='ocrx_word' id='word_1_207' title='bbox 208 3600 603 3679; x_wconf 87' lang='lat' dir='ltr'><strong>memoriam,</strong></span> <span class='ocrx_word' id='word_1_208' title='bbox 649 3599 965 3683; x_wconf 89' lang='lat' dir='ltr'><strong>imprimis</strong></span> <span class='ocrx_word' id='word_1_209' title='bbox 996 3605 1214 3665; x_wconf 89' lang='lat' dir='ltr'><strong>autem</strong></span> <span class='ocrx_word' id='word_1_210' title='bbox 1252 3599 1612 3683; x_wconf 86' lang='lat' dir='ltr'><strong>Georgio</strong></span> <span class='ocrx_word' id='word_1_211' title='bbox 1646 3598 1808 3663; x_wconf 88' lang='lat' dir='ltr'><strong>Goe</strong></span> <span class='ocrx_word' id='word_1_212' title='bbox 1829 3600 2029 3677; x_wconf 84' lang='lat' dir='ltr'><strong>tzi0,</strong></span> <span class='ocrx_word' id='word_1_213' title='bbox 2078 3600 2190 3682; x_wconf 90' lang='lat' dir='ltr'><strong>qui</strong></span> <span class='ocrx_word' id='word_1_214' title='bbox 2233 3619 2584 3683; x_wconf 88' lang='lat' dir='ltr'><strong>numquam</strong></span> 
     </span>
     <span class='ocr_line' id='line_1_30' title="bbox 210 3702 1301 3787; baseline 0 -21"><span class='ocrx_word' id='word_1_215' title='bbox 210 3702 476 3767; x_wconf 88' lang='lat' dir='ltr'><strong>consilio</strong></span> <span class='ocrx_word' id='word_1_216' title='bbox 524 3707 589 3766; x_wconf 93' lang='lat' dir='ltr'><strong>et</strong></span> <span class='ocrx_word' id='word_1_217' title='bbox 629 3723 831 3787; x_wconf 84' lang='lat' dir='ltr'><strong>opera</strong></span> <span class='ocrx_word' id='word_1_218' title='bbox 873 3702 1033 3768; x_wconf 91' lang='lat' dir='ltr'><strong>mihi</strong></span> <span class='ocrx_word' id='word_1_219' title='bbox 1078 3703 1301 3768; x_wconf 88' lang='lat' dir='ltr'><strong>defuit.</strong></span> 
     </span>
    </p>
   </div>
   <div class='ocr_carea' id='block_1_4' title="bbox 1191 4034 1601 4043">
    <p class='ocr_par' dir='ltr' id='par_1_5' title="bbox 1191 4034 1601 4043">
     <span class='ocr_line' id='line_1_31' title="bbox 1191 4034 1601 4043; baseline -0.005 0"><span class='ocrx_word' id='word_1_220' title='bbox 1191 4034 1601 4043; x_wconf 74' lang='lat'><strong>--—————-—.-——-—-——-</strong></span> 
     </span>
    </p>
   </div>
  </div>
 </body>
</html>
