3325 5359
1698 328 2129 389 -33—

720 496 1158 579 Vergilius
1202 497 1482 580 primum
1532 498 1903 581 usurpavit:
1964 518 2060 581 ge.
2108 498 2171 562 11
2216 501 2339 562 213
2386 494 2953 581 ‘humilisvapibus
2986 485 3107 559 ¹(3221.-

719 600 849 665 sias
912 619 1256 683 roremque
1311 597 1678 680 ministrat’,
1752 601 2051 666 attributi
2113 621 2312 665 causa
2367 599 2639 684 pluralis
2700 604 2959 665 exstare
3017 599 3107 662 vi-

719 703 927 787 detur,
971 704 1318 786 singularis
1377 704 1546 769 enim
1612 710 1763 769 ante
1803 705 2007 770 vocal.
2053 705 2514 789 synaloepham
2574 703 2921 769 effecisset.
3017 702 3108 769 IV

719 810 803 874 30
847 806 1030 872 ‘haec
1075 808 1317 872 circum
1365 812 1581 873 casia—e
1635 808 1875 873 virides
1934 810 2069 875 et'..
2116 808 2360 892 Singul.
2424 813 2601 873 casia
2624 809 2691 893 1),
2770 808 2923 891 quia
2990 808 3109 871 tri-

716 910 1006 995 brachyn
1036 910 1327 996 praebet,
1375 910 1593 976 versui
1621 932 1751 977 non
1779 912 1903 977 nisi
1935 932 1976 977 a
2007 912 2511 978 consonantibus
2543 911 2887 994 geminatis
2915 931 3109 976 voca·-

716 1012 939 1079 bulum
984 1035 1260 1098 sequens
1289 1015 1520 1098 incipit
1565 1016 1781 1099 aptari
1826 1021 2061 1100 potest.
2134 1012 2223 1081 IV
2256 1018 2381 1083 304
2420 1015 2732 1099 ‘thymum
2764 1014 3107 1098 casiasque

717 1117 1037 1197 recentis’,
1080 1118 1372 1202 pluralia
1435 1140 1832 1202 quamquam
1878 1119 2059 1186 nulla
2105 1140 2306 1185 causa
2347 1120 2619 1184 metrica
2678 1126 2947 1202 cogente
2994 1118 3108 1183 ad-

715 1219 997 1301 hibetur,
1045 1226 1264 1286 tamen
1306 1228 1504 1306 poeta
1551 1222 1831 1287 fortasse
1878 1243 2079 1288 causa
2124 1224 2491 1308 euphonica
2537 1224 2621 1287 ad
2652 1244 2839 1287 usum
2884 1222 3107 1306 plura-

716 1325 919 1391 tivum
1001 1325 1318 1409 impulsus
1393 1332 1509 1391 est.
1650 1325 1820 1391 Nam
1892 1325 2207 1411 ‘thymum
2286 1328 2667 1411 casiamque
2751 1332 3105 1392 recentem’

725 1428 943 1493 nescio
989 1450 1074 1492 an
1115 1428 1183 1492 in
1211 1428 1628 1495 offensionem
1660 1435 1952 1495 nostram
1990 1430 2200 1496 cadat.
2273 1431 2449 1514 Eleg.
2481 1431 2549 1495 in
2578 1430 2864 1495 Maecen.
2902 1436 2955 1509 1,
2986 1435 3105 1495 133

719 1532 846 1597 ‘hic
905 1530 1025 1596 tibi
1092 1531 1449 1617 Corycium,
1515 1533 1885 1619 casiasvhic
1945 1534 2145 1599 donat
2198 1534 2609 1619 olentisVHic
2652 1585 2665 1600 .
2714 1587 2727 1602 .
2773 1533 3104 1599 balsama’.

716 1636 832 1703 Ad
893 1636 1191 1701 elisiones
1251 1636 1599 1719 hiatusque
1661 1637 1942 1702 evitand.
2033 1637 2377 1703 Ovidius
2421 1638 2586 1722 plur.
2634 1642 2783 1705 met.
2827 1637 2946 1703 XV
2979 1642 3105 1703 398

607 1778 613 1785 -
716 1748 866 1821 ‘quo
929 1739 1120 1805 simul
1181 1760 1258 1803 ac
1322 1742 1654 1826 casiasvet
1696 1742 1886 1806 nardi
1930 1741 2093 1806 lenis
2140 1742 2415 1822 aristas’,
2474 1742 2557 1805 ad
2600 1741 2929 1806 elisionem
2976 1742 3106 1807 evi-

719 1841 1005 1907 tandam.
1112 1836 1260 1907 A'oc.
1311 1844 1470 1927 sing.
1519 1845 1779 1929 saepius
1835 1844 2013 1909 velut
2058 1846 2248 1928 Verg.
2288 1866 2383 1928 ge.
2429 1846 2538 1911 IV.
2591 1849 2728 1912 182.
2784 1843 2923 1909 Tib.
2972 1845 3000 1907 Ι
3047 1849 3105 1924 3,

717 1951 817 2011 61.
907 1945 1070 2011 Ciris
1115 1949 1259 2011 370.
1301 1946 1444 2012 Abl.
1494 1946 1654 2030 sing.
1703 1948 1890 2031 Verg.
1936 1968 2031 2031 ge.
2078 1949 2139 2013 II
2185 1954 2329 2015 466.

890 2050 1450 2133 centaurea2).
1561 2051 1730 2116 Plur.
1798 2051 2137 2117 Lucretius
2195 2052 2282 2117 IV
2331 2057 2451 2117 125
2514 2054 2685 2116 iuter
2748 2050 3106 2135 compluria

713 2152 1029 2237 pluralia:
1087 2158 1408 2237 ‘panaces,
1473 2154 1803 2237 apsinthia
1836 2206 1849 2219 .
1883 2205 1897 2218 .
1946 2155 2435 2222 habrotoni...
2482 2154 2782 2219 tristia
2842 2159 3106 2219 centau-

715 2253 868 2336 re'a',
930 2255 1226 2321 attribut.
1284 2257 1324 2321 i.
1382 2257 1454 2323 V.
1513 2280 1577 2341 p.
1696 2258 2020 2341 Vergilius
2079 2279 2175 2341 ge.
2240 2259 2329 2324 IV
2390 2264 2516 2324 270
2576 2258 3106 2341 ‘Cecropiumque

717 2359 1011 2445 thymum
1077 2364 1145 2424 et
1211 2380 1407 2443 grave
1474 2361 1799 2426 olentia
1868 2359 2256 2442 centaurea',
2325 2362 2626 2427 attributi
2684 2382 2882 2426 causa
2937 2360 3105 2444 plur.

716 2468 900 2529 extat
947 2463 1103 2547 quia
1144 2462 1252 2527 hic
1297 2464 1543 2543 ‘triste’,
1588 2464 1724 2529 illic
1768 2464 1985 2530 ‘olens’
2062 2466 2391 2551 dactylum
2439 2485 2567 2530 non
2612 2463 2846 2549 explet.
2932 2464 3104 2546 Sing.

715 2588 857 2651 gen.
923 2565 1256 2631 ‘centauri'
1333 2567 1496 2650 legis
1578 2568 1765 2633 Lucr.
1828 2567 1892 2632 11
1954 2574 2073 2635 401
2150 2568 2454 2653 ‘apsinthi
2533 2574 2771 2633 natura
2854 2568 3106 2651 ferique

713 2666 1057 2736 Centauri'.

888 2772 1228 2857 cerae-⁹⁹).
1322 2775 1614 2858 Apparet
1672 2774 1778 2839 hic
1824 2776 2042 2840 omnia
2086 2776 2341 2841 silentio
2398 2776 2903 2843 transmittenda
2962 2796 3105 2841 esse

717 2876 1033 2961 exempla,
1076 2875 1188 2941 ubi
1225 2876 1389 2942 haec
1418 2897 1542 2942 vox
1589 2899 1781 2943 sensu
1826 2878 2147 2944 translato
2190 2900 2311 2962 pro
2355 2900 2427 2943 re
2459 2885 2683 2943 cerata
2721 2880 2938 2963 posita
2984 2885 3101 2944 est.

698 2980 852 3045 >Iam
899 2980 1172 3045 Plautus
1215 2980 1342 3045 hoc
1386 2981 1793 3061 vocabulum,
1848 2982 1970 3067 ubi
2024 2982 2105 3047 de
2156 2982 2596 3066 compluribus
2640 2982 2902 3048 tabellis
2951 3002 3107 3047 cera

716 3079 938 3149 oblitis
983 3084 1220 3167 agitur,
1265 3086 1691 3170 metonymice
1735 3106 1855 3170 pro
1886 3085 2148 3151 tabellis
2177 3086 2521 3169 pluraliter
2564 3086 2630 3149 in
2661 3108 2849 3151 usum
2879 3092 3103 3166 vocat3

713 3189 808 3253 sic
848 3188 1031 3253 Curc.
1079 3192 1206 3253 410
1249 3187 1522 3271 ‘explevi
1571 3194 1744 3253 totas
1812 3210 1997 3255 ceras
2056 3189 2402 3273 quattuor’.
2527 3190 2596 3254 Si
2632 3191 2700 3254 in
2744 3189 2869 3254 hoc
2912 3211 3103 3254 voca-

713 3291 867 3356 bulo
911 3290 1077 3356 haec
1112 3290 1208 3355 vis
1252 3292 1454 3371 inest,
1511 3291 1785 3374 pluralis
1850 3293 2045 3358 etiam
2106 3294 2173 3357 in
2232 3294 2526 3358 oratione
2586 3293 2801 3358 soluta
2844 3292 3103 3358 obviam

711 3394 818 3459 fit:
865 3394 1076 3459 Varro
1135 3416 1184 3458 r.
1252 3416 1302 3457 r.
1346 3394 1441 3459 III
1492 3399 1587 3473 17,
1650 3401 1691 3459 4
1748 3394 2036 3462 ‘Pausias
2104 3404 2169 3460 et
2230 3397 2427 3461 ceteri
2487 3396 2771 3479 pictores
2818 3446 2879 3459 ..
2924 3396 3104 3461 locu-

712 3497 885 3561 latas
929 3517 1199 3580 magnas
1241 3495 1489 3561 habent
1533 3496 1809 3577 amulae,
1854 3499 1969 3564 ubi
2016 3499 2367 3564 discolores
2414 3500 2543 3563 sint
2588 3499 2815 3564 cerae’.
2914 3499 3105 3565 Simi-

712 3602 866 3665 liter
919 3599 1184 3665 Ovidius
1247 3599 1328 3664 de
1385 3599 1629 3665 tabulis
1694 3603 1933 3667 ceratis
1993 3601 2384 3685 singularem
2448 3608 2514 3667 et
2569 3602 2889 3686 pluralem
2948 3623 3103 3691 pro-

713 3705 974 3781 miscue,
1033 3709 1231 3788 prout
1287 3723 1512 3768 versus
1575 3704 1952 3771 condicione
2009 3706 2397 3789 postulatur,
2460 3696 2755 3786 exhibet3
2822 3705 3102 3789 exempli

713 3828 912 3873 causa
985 3828 1108 3871 am.
1170 3808 1199 3871 I
1269 3812 1374 3884 11,
1447 3811 1525 3871 14
1606 3813 1759 3891 post
1843 3815 2125 3893 pentam.
2202 3828 2536 3874 caesuram
2625 3814 2795 3875 ‘cera
2873 3813 3104 3874 notata

715 3911 925 3976 manu*
987 3910 1154 3995 plur.
1217 3918 1430 3975 ‘cerae‘
1481 3912 1767 3979 notata—e’
1827 3913 1951 3977 hoc
2006 3913 2151 3977 loco
2197 3914 2409 3978 versui
2467 3914 2729 3977 immitti
2792 3932 2919 3976 non
2982 3935 3103 3996 po·

711 4019 921 4096 terat;
981 4014 1268 4097 itemque
1313 4015 1351 4078 i.
1400 4036 1457 4079 v.
1505 4020 1604 4080 20.
1696 4016 1824 4081 Sed
1884 4016 1965 4081 de
2016 4016 2242 4081 eadem
2288 4037 2359 4081 re
2404 4054 2493 4066 —
2536 4011 2752 4099 agitur
2798 4016 2965 4081 enim
3016 4016 3102 4082 de

717 4118 957 4182 tabulis
999 4156 1086 4165 —
1128 4117 1290 4201 legis
1333 4117 1654 4201 pluralem
1714 4119 1780 4183 in
1827 4125 1969 4183 arte
2014 4119 2107 4183 111
2152 4125 2295 4185 495.
2404 4120 2647 4184 Eodem
2694 4119 2885 4184 modo
2930 4120 3101 4187 iudi-

888 4274 936 4339 1)
976 4272 1086 4326 Ofr.
1123 4270 1383 4343 Lindsay,
1435 4270 1545 4325 Die
1593 4272 1922 4342 lateinische
1974 4274 2239 4344 Sprache,
2297 4277 2431 4330 1907
2478 4273 2729 4343 Leipzig,
2765 4294 2819 4343 p.
2858 4277 2961 4330 425
2976 4294 3100 4345 sqq.

749 4360 754 4363 ’
885 4360 940 4425 2)
975 4356 1166 4412 Weise
1199 4358 1236 4412 l.
1275 4375 1322 4412 c.
1359 4377 1414 4427 p.
1453 4361 1569 4412 374.
1625 4352 1999 4428 κενταύρειον,
2035 4360 2679 4430 Tausendgiildenkraut.

886 4446 940 4511 3)
978 4442 1137 4497 Maas
1172 4462 1228 4512 p.
1264 4445 1384 4497 484.
1423 4446 1541 4499 504.
1578 4445 1699 4499 506.
1770 4443 2030 4499 Bednara
2062 4464 2117 4515 p.
2155 4446 2273 4503 536.
2341 4445 2501 4501 Neue
2534 4444 2570 4501 Ι
2604 4447 2780 4516 62011.
