3325 5359
1181 320 1653 383 -119—

224 492 319 558 XI
354 498 475 559 598
508 493 787 559 ‘silentia
816 492 1160 577 rumpant'.
1231 491 1355 556 XII
1401 497 1482 558 48
1532 490 1731 557 ‘nulla
1776 490 2019 574 quies
2063 492 2256 569 intus,
2303 488 2611 573 nullaque

224 597 483 661 silentia
541 598 767 682 parte’.
856 598 1031 662 Fast.
1078 597 1109 661 I
1172 602 1291 662 183
1352 603 1491 661 ‘nec
1536 596 1733 679 longa
1787 594 2044 662 silentia
2097 594 2260 659 feci’.
2348 594 2437 659 IV
2486 600 2610 661 549

224 700 617 785 ‘placidique
672 702 931 767 silentia
978 701 1220 767 somni’.
1294 702 1347 766 V
1399 706 1479 767 55
1524 700 1757 766 ‘fecere
1809 698 2067 765 silentia
2114 698 2424 763 cunctae’.
2485 704 2609 764 429

226 811 380 869 ‘nox
414 856 427 869 .
456 854 505 869 ..
543 816 895 889 somnoque
938 806 1195 873 silentia
1252 804 1563 889 praebet’.
1652 802 1935 869 Pluralis
1979 823 2106 867 non
2151 801 2274 867 nisi
2317 802 2383 866 in
2430 804 2501 868 V.
2547 826 2610 886 p.

222 910 455 976 obvius
488 915 602 975 est.
674 910 867 975 Cuius
900 910 1077 975 vocis
1106 916 1341 993 poetae
1374 909 1678 994 dactylici
1708 929 1836 974 non
1867 908 1990 973 nisi
2020 907 2146 971 hac
2175 905 2368 971 unica
2397 906 2610 974 forma

222 1014 553 1099 plurativa
598 1015 695 1078 uti
740 1018 1031 1097 possunt,
1076 1034 1221 1079 cum
1262 1013 1655 1097 singularem
1689 1011 2052 1077 ‘silentium’
2083 1038 2299 1069 υ-υ-
2329 1016 2609 1075 metrum

223 1139 354 1184 non
398 1118 709 1203 patiatur.

398 1221 884 1287 simulacra.
962 1220 1416 1288 Lucretius
1460 1220 1526 1285 11
1572 1225 1695 1286 324
1741 1218 1914 1285 ‘belli
1947 1218 2294 1285 simulacra
2327 1219 2608 1299 cientes’,

225 1326 515 1391 fortasse
556 1325 823 1410 proprio
870 1346 1081 1391 sensu.
1172 1325 1335 1390 Item
1369 1325 1764 1408 Vergilius
1797 1326 1906 1389 Ae.
1941 1324 1994 1388 V
2036 1329 2159 1389 585
2207 1329 2611 1408 ‘pugnaeque

222 1432 398 1495 cient
429 1430 777 1494 simulacra
800 1429 919 1495 sub
952 1429 1186 1494 armis'.
1229 1435 1352 1495 674
1376 1429 1548 1495 ‘belli
1580 1426 1929 1495 simulacra
1955 1426 2208 1493 ciebat'.
2277 1426 2611 1493 Ovidius

226 1534 489 1618 saepius
520 1533 837 1617 pluralem
871 1532 993 1598 sibi
1026 1534 1341 1617 permisit,
1386 1533 1565 1598 hisce
1600 1533 1794 1598 locis:
1827 1536 1976 1597 met.
2010 1532 2107 1595 III
2137 1538 2196 1612 4,
2230 1536 2308 1596 32
2343 1532 2609 1597 ‘frustra

220 1638 579 1703 simulacra
638 1637 901 1720 fugacia
948 1638 1214 1722 captas'3
1276 1636 1389 1702 cfr.
1436 1658 1694 1702 versum
1757 1640 2130 1719 sequentem
2186 1635 2379 1719 ‘quod
2421 1636 2609 1719 petis,

222 1748 323 1807 est
369 1742 709 1825 nusquam’
756 1746 823 1805 et
867 1746 991 1807 434
1040 1741 1119 1805 de
1179 1741 1403 1807 eadem
1463 1762 1533 1806 re
1580 1740 1898 1823 ‘imaginis
1957 1738 2228 1805 umbra'.
2319 1739 2439 1804 VH
2484 1744 2607 1808 358

220 1847 551 1930 ‘factaque
583 1846 663 1910 de
703 1866 861 1910 saxo
907 1846 1085 1927 longi
1131 1845 1482 1910 simulacra
1528 1844 1868 1909 draconis’.
1957 1844 2018 1907 X
2064 1849 2190 1909 280
2236 1841 2606 1910 ‘simulacra

220 1972 383 2015 suae
426 1950 595 2034 petit
635 1949 747 2014 ille
786 1948 1081 2033 puellae’.
1156 1948 1251 2014 XI
1282 1951 1406 2016 628
1439 1947 1937 2030 ‘simulacraque
1969 1946 2286 2029 naufraga
2315 1946 2600 2030 fingant’.

220 2054 341 2118 XV
415 2058 538 2120 658
607 2053 1101 2136 ‘simulacraque
1176 2058 1401 2118 nostra
1468 2051 1848 2134 relinquam'
1917 2050 2292 2136 (Aesculapi
2354 2050 2601 2135 verba).

218 2158 373 2222 XIV
426 2163 543 2222 112
592 2157 1088 2241 ‘simulacraque
1128 2177 1282 2221 cara
1334 2156 1661 2241 parentis’‚
1727 2178 1811 2219 sc.
1861 2154 2199 2220 Anchisae.
2289 2154 2464 2219 Fast.
2508 2155 2604 2219 ΠΙ

219 2269 301 2327 45
336 2262 596 2326 ‘Vestae
628 2259 977 2325 simulacra
1006 2259 1305 2326 feruntur
1324 2260 1663 2343 Virgineas
1696 2257 1898 2324 oculis
1928 2258 2308 2341 opposuisse
2335 2260 2601 2323 manus'.

217 2366 315 2430 III
366 2371 482 2430 701
535 2354 734 2430 Vesta
786 2365 866 2429 de
925 2364 1263 2430 sacerdote
1310 2364 1492 2429 cuius
1538 2361 1916 2445 ‘sacrilegae
1961 2362 2208 2426 manus’
2253 2382 2395 2427 eam
2437 2364 2604 2447 peti-

220 2474 485 2535 verant:
531 2470 694 2553 ‘ipsa
726 2469 933 2533 virum
980 2469 1189 2553 rapui,
1236 2467 1713 2551 simulacraque
1759 2466 1935 2531 nuda
1985 2465 2253 2549 reliqui‘.
2345 2466 2433 2531 VI
2477 2471 2600 2533 295

220 2580 384 2639 ‘esse
547 2574 783 2638 Vestae
842 2573 1193 2637 simulacra
1249 2572 1511 2657 putavi'.
1600 2572 1792 2636 Trist.
1839 2571 1935 2635 ΠΙ
1986 2576 2078 2649 11,
2126 2575 2207 2635 30
2265 2575 2462 2654 poeta
2522 2570 2602 2635 de

218 2699 289 2742 se
332 2679 511 2762 ipso:
563 2683 662 2742 ‘ex
706 2676 818 2741 illo
864 2683 1177 2760 superant
1218 2676 1383 2741 haec
1428 2675 1780 2741 simulacra
1810 2676 1967 2739 viro.
2043 2674 2210 2754 Quid
2252 2672 2602 2739 simulacra

218 2780 541 2845 ...dictis
600 2774 869 2845 incessis
932 2781 1217 2847 amaris?
1316 2780 1657 2845 Parce
1709 2798 1933 2843 manes
1993 2777 2345 2842 sollicitare
2405 2778 2601 2843 meos’

217 2883 311 2949 Ib.
360 2889 484 2950 617
545 2881 913 2947 ‘simulacra
971 2880 1336 2948 Minervae'.
1424 2883 1523 2947 Ex
1584 2882 1765 2946 Pont.
1811 2880 1877 2945 11
1938 2886 1995 2962 3,
2059 2885 2140 2947 93
2200 2880 2299 2945 ‘de
2357 2882 2600 2966 templ-o

219 2989 488 3071 rapiunt
532 2988 646 3072 (sc.
693 2985 956 3052 Orestes
1002 2992 1067 3051 et
1108 2987 1413 3072 Pylades)
1459 2986 1809 3051 simulacra
1854 2985 2141 3050 Dianae’.

397 3090 823 3173 singultus
850 3092 919 3175 1).
990 3090 1432 3155 Lucretius
1484 3090 1643 3173 sing.
1677 3090 2016 3173 ‘singultus
2060 3089 2384 3173 frequens’
2413 3089 2598 3153 item-

222 3217 348 3279 que
396 3195 639 3261 Cicero.
728 3194 1007 3259 Pluralis
1052 3196 1330 3279 primum
1377 3193 1549 3277 apud
1596 3192 2011 3259 Catullum
2055 3192 2312 3276 legitur,
2360 3214 2487 3277 quo
2531 3194 2599 3258 in

216 3322 341 3364 usu
374 3299 1143 3383 sequiturVergilius;
1192 3298 1305 3365 cfr.
1340 3298 1462 3365 Cir.
1497 3303 1614 3363 211
1654 3297 1916 3382 ‘pressis
1945 3347 1956 3360 .
1986 3347 1998 3360 .
2025 3296 2412 3379 singultibus
2444 3302 2598 3363 aera

221 3403 466 3488 captat’
526 3407 591 3467 et
637 3406 746 3467 Ae.
790 3403 885 3466 IX
927 3407 1051 3468 415
1114 3402 1339 3486 ‘longis
1401 3401 1789 3485 singultibus
1845 3401 1960 3465 ilia
2012 3399 2268 3484 pulsat’.
2359 3400 2598 3466 Contra

220 3507 534 3589 abl.·sing.
559 3526 653 3589 ge.
681 3506 774 3571 111
808 3512 929 3572 507
964 3506 1243 3588 ‘imaque
1272 3507 1463 3592 longo
1493 3505 1615 3569 Ilia
1648 3504 1936 3587 singultu
1964 3504 2280 3569 tendunt’.
2355 3504 2598 3570 Eodem

220 3611 413 3675 modo
478 3609 817 3675 Ovidius
876 3611 1085 3674 utitur
1148 3615 1213 3675 et
1278 3609 1591 3692 singulari
1657 3613 1724 3673 et
1789 3609 2062 3691 plurali:
2131 3613 2280 3672 met.
2334 3608 2417 3673 VI
2475 3608 2596 3675 509

220 3722 742 3799 ‘supremumque
772 3714 915 3778 vale
962 3712 1153 3797 pleno
1196 3711 1586 3797 singultibus
1629 3712 1780 3781 ore’.
1852 3712 2093 3777 Contra
2123 3711 2248 3775 abl.
2281 3712 2440 3795 sing.
2475 3734 2598 3777 am.

218 3818 315 3883 III
362 3825 419 3897 9,
472 3822 547 3883 12
597 3824 861 3900 ‘oraque
922 3817 1207 3900 singultu
1264 3818 1670 3881 concutiente
1727 3816 1996 3894 sonant’,
2052 3816 2204 3879 item
2252 3836 2408 3879 rem.
2456 3821 2598 3882 598.

221 3922 413 3987 Trist.
458 3922 491 3987 I
538 3926 594 4001 3,
640 3927 740 3987 42.
805 3920 955 3985 Met.
1003 3920 1096 3985 XI
1141 3925 1283 3985 420.
1812 3939 1820 3947 ·

394 4023 925 4109 sisymbria2)
970 4062 1057 4073 —
1108 4024 1515 4111 σισύμβριον.
1604 4025 1813 4088 Varro
1854 4023 1968 4089 l.1.
2004 4023 2078 4088 V.
2116 4028 2254 4110 103.
2333 4021 2598 4089 Ovidius

222 4128 539 4212 pluralem
616 4127 880 4193 exhibet
948 4128 1195 4211 primus
1266 4127 1414 4193 fast.
1465 4128 1551 4192 IV
1603 4133 1728 4193 869
1783 4127 1954 4193 ‘date
2009 4131 2196 4211 grata
2256 4126 2598 4214 sisymbria

224 4232 472 4317 myrto'.

401 4389 449 4455 l)
488 4386 647 4441 Neue
684 4386 716 4441 I
751 4387 869 4441 558.

398 4474 455 4544 9)
490 4471 695 4544 Weiss,
733 4470 827 4528 Gr.
862 4470 1093 4527 Worter
1125 4472 1241 4527 518.
