3325 5359
1634 241 1890 348 —.42
1978 319 2067 330 ..-

835 457 1015 522 colo
1039 457 1354 522 casium
1385 495 1468 504 -
1499 461 1858 525 κολοκασία
1904 461 1971 521 et
2012 454 2409 524 κολοκάσιον
2430 456 2498 541 ¹).
2557 457 2640 521 Pl
2661 480 2763 523 ur.
2792 457 3047 540 profert

663 562 719 627 V
740 561 992 644 ergili
1012 583 1100 626 us
1175 562 1290 626 ecl.
1363 562 1452 627 IV
1530 565 1611 626 20
1681 562 2031 643 ‘mixtaque
2106 559 2345 626 ridenti
2420 560 2745 626 colocasia
2816 561 3050 628 fundet

661 665 980 731 acantho’.

836 769 1363 835 concubitus.
1435 790 1585 854 pps
1631 768 1782 833 inde
1828 790 1867 832 a
1913 767 2307 851 Vergilio
2358 768 2473 832 ecl.
2521 769 2609 834 VI
2658 775 2739 834 50
2787 775 2875 834 ‘at
2915 791 3045 836 non

667 879 799 938 tam
836 873 1048 958 turpis
1086 873 1409 958 pecudum
1448 879 1667 938 tamen
1708 872 1841 937 ulla
1881 876 2105 936 secuta
2138 877 2237 936 est
2271 870 2682 952 Concubitus,
2712 873 3047 958 quamvis’,

525 995 532 1000 ·
665 977 744 1042 de
786 977 1002 1042 Proeti
1045 977 1324 1042 filiabus.
1416 977 1915 1061 Propertius
1961 976 2048 1040 IV
2078 979 2139 1056 8,
2168 980 2247 1040 36
2281 977 2562 1058 ‘quaeris
2608 976 3043 1064 concubitusw

667 1081 838 1152 inter
883 1086 1229 1164 utramque
1272 1080 1406 1159 sui’‚
1452 1080 1532 1144 de
1577 1079 1867 1144 convivio
1914 1079 2148 1173 agitur,
2182 1080 2260 1142 -in
2295 1099 2422 1162 quo
2452 1085 2649 1164 poeta
2676 1081 2847 1145 inter
2882 1081 3048 1147 duas

670 1184 922 1270 puellas
997 1184 1212 1250 sedem
1275 1182 1605 1271 habebat„
1686 1183 2075 1249 Tibullus
2139 1182 2199 1247 ΙΙ
2260 1189 2315 1262 5,
2377 1188 2455 1248 53
2515 1183 3049 1268 ’concubitusque

672 1288 838 1353 tuos’
915 1286 1064 1370 (Ilia
1134 1288 1370 1373 video),
1431 1287 1540 1352 de
1605 1286 1766 1352 Iliae
1840 1293 1907 1352 et
1960 1286 2211 1362 Martis
2286 1286 2633 1352 concubitu
2704 1288 3045 1371 coniugali.

669 1390 1020 1456 Ovidius
1065 1413 1188 1457 am.
1230 1393 1292 1456 II
1336 1398 1398 1472 8,
1439 1397 1518 1456 22
1567 1391 1864 1475 ‘pretium
1913 1391 2070 1454 mihi
2104 1390 2293 1455 dulce
2333 1391 2617 1473 repende
2648 1391 3045 1457 Concubitus

668 1494 957 1560 hodie
1009 1496 1196 1575 tuos’‚
1240 1496 1280 1560 i.
1330 1518 1386 1561 v.
1435 1501 1470 1560 6
1519 1494 1847 1560 antecedit
1891 1494 2055 1578 plur.
2084 1494 2367 1578 proprio
2415 1515 2607 1560 sensu
2653 1494 2797 1579 (cfr.
2847 1498 3045 1560 etiam

671 1599 800 1682 25).
891 1601 1026 1664 Art.
1072 1599 1134 1664 II
1181 1605 1304 1665 307
1353 1600 1548 1683 ‘ipsos
1595 1598 2281 1685 concubitusvipsum’.
2369 1598 2523 1664 Met.
2564 1599 2653 1665 IV
2700 1605 2821 1666 207
2877 1605 3045 1665 ‘tuos

671 1705 784 1785 (sc.
832 1702 1025 1786 Solis)
1072 1702 1342 1787 petebat
1387 1703 1801 1769 Concubitus'
1850 1707 2002 1768 ante
2047 1722 2181 1767 voc.
2224 1702 2459 1766 V1541
2514 1702 2848 1769 ‘nefandos
2880 1703 3045 1769 Con-

671 1804 968 1885 cubitus’‚
1015 1805 1095 1870 de
1125 1805 1483 1871 Philomela
1527 1827 1696 1890 quae
1742 1827 1782 1870 a
1812 1806 2017 1870 Tereo
2064 1811 2373 1890 corrupta
2412 1811 2571 1870 erat.
2659 1806 2753 1870 IX
2798 1811 2919 1872 124
2964 1807 3045 1872 de

671 1907 876 1973 Nesso
925 1910 1034 1992 qui
1067 1910 1439 1974 Deianiram
1488 1909 1781 1994 petebat:
1829 1909 1903 1974 ‘si
1948 1914 2014 1974 te
2058 1909 2235 1974 nulla
2277 1910 2402 1974 mei
2433 1910 2799 1974 reverentia
2824 1910 3045 1990 movit,

669 2018 739 2077 at
767 2011 959 2078 orbes
991 2013 1384 2079 Concubitus
1417 2014 1650 2078 vetitos
1696 2018 2001 2097 poterant
2048 2012 2341 2078 inhibere
2372 2012 2673 2097 paterni'.
2742 2012 2892 2078 XIV
2918 2018 3044 2080 668

671 2115 1203 2201 ‘concubitusque
1246 2117 1417 2201 fugis
1461 2138 1582 2182 nec
1625 2123 1692 2182 te
1740 2116 2127 2199 coniungere
2175 2117 2403 2184 curas’.
2491 2117 2668 2206 Rem.
2715 2120 2836 2182 726
2885 2116 3048 2182 ‘loca

677 2221 935 2285 conscia
978 2222 1178 2286 vestri
1218 2220 1650 2301 Concubitus’,
1697 2241 1837 2304 gen.
1884 2221 2043 2304 sing.
2087 2241 2208 2305 pro
2252 2220 2508 2304 plurali,
2557 2220 2667 2303 qui
2713 2220 3045 2286 commode

669 2325 886 2388 versui
943 2325 1206 2389 immitti
1266 2345 1393 2389 non
1445 2329 1681 2408 potest.
1771 2323 2042 2388 Plautus
2101 2324 2306 2388 utitur
2369 2323 2529 2406 sing.
2578 2322 2811 2407 Amph.
2863 2329 3046 2391 1136.

845 2465 1140 2528 congre
1158 2467 1188 2510 s
1207 2467 1295 2511 su
1313 2448 1777 2532 Β-συμβολή,
1806 2441 2185 2530 ἀπάντησις.
2236 2444 2578 2508 Lucretius
2602 2444 2665 2508 ΙΙ
2692 2450 2853 2511 1065
2888 2451 3048 2510 ‘esse

671 2549 847 2614 alios·
893 2548 1049 2615 alibi
1094 2569 1478 2632 congressus
1541 2547 1891 2628 materiai';
1962 2547 2075 2611 cfr.
2126 2548 2177 2612 V
2225 2553 2305 2612 67
2360 2547 2617 2631 ‘quibus
2672 2548 2783 2613 ille
2839 2549 3047 2614 modis

674 2673 1056 2732 congressus
1111 2653 1412 2717 materiai
1468 2651 1789 2717 Fundarit
1838 2650 2121 2716 terram’.
2223 2673 2379 2734 pps
2438 2651 2877 2734 Vergilius
2936 2655 3047 2719 Ae.

677 2757 732 2822 V.
779 2761 901 2821 733
951 2761 1354 2839 ‘congressus
1398 2761 1548 2841 pete
1578 2791 1580 2794 >
1608 2761 1761 2820 nate
1804 2755 2001 2819 meos’
2046 2744 2227 2838 (ante
2271 2763 2491 2838 cons).
2591 2754 2856 2820 Ovidius
2899 2761 3047 2819 met.

674 2859 790 2925 VII
837 2864 956 2925 501
1008 2865 1368 2943 ‘postquam
1421 2880 1806 2942 congressus
1851 2858 2043 2942 primi
2088 2878 2207 2922 sua
2251 2856 2450 2922 verba
2492 2857 2821 2924 tulerunt’.

843 2980 1256 3062 coniugia.
1334 2980 1504 3045 Plur.
1537 3001 1686 3045 rare
1732 3000 1852 3063 pro
1899 2979 2058 3062 sing.
2093 2978 2395 3057 occurrit,
2441 2979 2689 3063 primus
2721 2978 3047 3062 Vergilius

553 3085 557 3087 ’
672 3083 797 3148 hac
839 3083 1104 3148 licentia
1150 3084 1371 3151 utitur.
1455 3085 1566 3149 Ge.
1609 3084 1672 3149 II
1718 3089 1842 3148 275
1890 3088 2104 3166 ‘saepe
2144 3069 2287 3147 'sine
2331 3082 2481 3147 ullis
2524 3082 2851 3166 Coniugiis
2901 3104 3049 3166 gra-

666 3187 854 3252 vidae
915 3188 1141 3254 vento’.
1231 3188 1299 3252 Si
1360 3194 1553 3270 poeta
1609 3187 2005 3270 singularem
2082 3184 2501 3266 exhibuisset,
2577 3204 2617 3252 o
2660 3186 2885 3251 littera
2942 3191 3047 3252 ter

672 3291 956 3374 repetita
1018 3312 1209 3356 aures
1256 3291 1630 3356 offenderet.
1722 3293 1832 3355 Ae.
1879 3290 2001 3355 VII
2048 3297 2169 3356 555
2216 3289 2396 3354 ‘talia
2441 3290 2740 3372 coniugia
2786 3296 2853 3354 et
2895 3289 3047 3354 talis

675 3393 1006 3459 celebrent
1076 3393 1502 3480 hymenaeos’,
1575 3415 1661 3458 sc.
1731 3396 1983 3458 Aeneas
2048 3399 2113 3458 et
2173 3392 2460 3472 Latinus,
2519 3393 2685 3477 plur.
2746 3393 3049 3459 attributi

671 3497 869 3562 ‘talia’
917 3519 1134 3576 causa,
1198 3499 1352 3581 quia
1404 3498 1573 3562 ‘tale'
1635 3498 1719 3562 ad
1783 3497 2105 3582 dactylum
2169 3494 2555 3579 explendum
2615 3517 2742 3560 non
2786 3495 3045 3561 sufficit.

672 3602 748 3664 In
795 3600 1190 3666 carminibus
1252 3601 1588 3687 dactylicis
1641 3607 1985 3687 poetarum
2040 3621 2247 3683 usque
2302 3598 2386 3663 ad
2428 3598 2724 3663 Ovidium
2785 3605 3049 3682 praeter

668 3706 846 3769 locos
891 3705 1038 3770 illos
1083 3705 1400 3790 pluralem
1446 3706 1775 3790 poeticum
1818 3724 1947 3769 non
1990 3703 2233 3783 inveni;
2283 3702 2457 3785 apud
2502 3702 2639 3769 Val.
2690 3703 2863 3768 Max.
2918 3709 2973 3782 7,
3007 3709 3043 3767 2

673 3808 929 3873 demum
985 3814 1051 3874 et
1092 3807 1314 3874 Senec.
1362 3808 1558 3894 (Med.
1597 3815 1736 3878 144.
1782 3807 1927 3872 Tro.
1958 3807 2065 3890 59)
2116 3812 2182 3870 et
2212 3803 2353 3870 Val.
2384 3804 2597 3870 Flacc.
2646 3811 2703 3887 8,
2738 3811 2859 3871 392
2907 3828 3047 3891 pps

670 3910 924 3976 obviam
971 3912 1062 3976 fit.
1257 3933 1262 3936 ·

851 4032 1214 4098 conubia
1261 4070 1344 4084 —-
1389 4032 1659 4120 γάμοιῗ)
1718 4052 1838 4116 pro
1901 4029 2247 4095 conubium
2290 4067 2379 4078 --
2424 4030 2507 4094 ad
2562 4029 3049 4095 similitudinem

673 4137 848 4202 vocis
888 4136 1157 4220 nuptiae
1185 4173 1261 4184 --
1289 4137 1548 4220 saepius
1595 4136 1900 4213 occurrit,
1945 4140 2291 4219 postquam
2345 4133 2635 4199 Catullus
2678 4133 3052 4199 huiusmodi

721 4403 726 4410 ,
847 4305 1125 4410 „wem
1162 4343 1198 4397 1.
1236 4361 1286 4398 c.
1323 4363 1376 4412 p.
1413 4345 1532 4398 388.
1574 4343 1688 4396 146.
1757 4341 1917 4397 Neue
1953 4340 1986 4394 I
2021 4343 2139 4396 613.

843 4430 897 4495 2)
937 4427 1114 4484 Witte
1152 4430 1234 4484 59.
