3325 5359
2842 443 2848 447 -
3301 422 3303 457 Ι

740 519 862 589 llia
924 518 1092 603 diva,
1148 519 1335 589 tuos’.
1426 524 1464 587 7
1469 524 1553 589 94
1596 522 1792 589 ‘venit
1833 522 1900 588 in
1953 522 2298 604 thalamos,
2355 527 2561 609 nupta
2621 520 2878 609 pudica,
2939 520 3134 591 tuos'.
3203 518 3207 521 ’

748 631 872 692 553
918 625 1241 693 ‘thalamis
1280 678 1295 694 .
1324 676 1338 691 .
1363 676 1380 691 .
1424 625 1716 707 Elissae,
1759 633 1914 693 ante
1957 647 2134 695 cons.
2221 632 2348 695 689
2393 626 2866 712 ‘thalamosque
2913 631 3136 713 parat.
3301 640 3303 693 ἡ

741 729 1091 797 deducitur
1147 730 1301 797 illuc
1344 730 1569 797 Anna’.
1656 730 1749 797 IV
1793 735 1918 797 233
1977 730 2270 797 ‘thalami
2315 781 2332 797 .
2357 781 2374 795 .
2400 780 2416 797 .
2475 732 2762 797 tectum’.
2867 731 2958 796 VI
3003 734 3137 797 143

738 834 824 898 ‘in
884 834 1209 901 thalamos
1272 854 1507 901 venere
1564 835 1850 901 Procae’.
1943 839 2066 902 166
2123 834 2362 901 ‘lumen
2403 834 2716 901 thalamis
2771 854 2978 921 parva
3035 834 3137 899 fe-

738 942 963 1005 nestra
1006 937 1249 1005 dabat’.
1336 942 1463 1005 225
1509 938 2106 1024 ’ῐῙιὼιιιίευιιΙὶοιιε
2147 944 2414 1025 reperta
2457 938 2596 1005 est’.

904 1059 1193 1145 thyma
1214 1060 1287 1147 ¹).
1342 1058 1519 1126 Plur.
1546 1059 1701 1126 inde
1731 1058 1816 1126 ab
1848 1060 2219 1126 Horatio
2263 1080 2460 1127 cam
2502 1060 2534 1125 Ι
2571 1066 2671 1141 17,
2703 1065 2744 1127 6
2791 1064 2878 1126 ‘et
2905 1059 3142 1145 thffma

740 1162 1006 1229 deviae’.
1050 1163 1140 1230 IV
1172 1168 1231 1243 2,
1262 1167 1366 1230 29.
1410 1163 1617 1248 Epist.
1646 1164 1680 1229 1
1711 1170 1771 1245 3,
1801 1168 1903 1231 21.
1993 1162 2347 1231 Ovidius
2393 1184 2452 1230 a.
2483 1184 2540 1229 a.
2571 1163 2604 1229 1
2633 1167 2716 1230 96
2759 1169 2898 1249 ‘per
2937 1163 3144 1229 fiores

736 1272 808 1333 et
838 1266 1063 1353 thyma
1106 1288 1360 1333 summa
1386 1266 1659 1350 volaut’3
1707 1274 1937 1334 contra
1983 1272 2135 1334 met.
2163 1267 2282 1348 XV
2314 1272 2400 1336 80
2436 1266 2652 1334 ‘mella
2687 1267 2894 1353 thymi
2935 1266 3133 1333 redo-

735 1370 940 1436 lentia
982 1370 1248 1440 flore’.
1319 1370 1419 1437 Ex
1448 1370 1633 1437 Pont.
1661 1372 1726 1437 11
1757 1378 1815 1453 7,
1846 1376 1928 1439 26
1975 1371 2298 1438 ‘multis
2340 1372 2578 1438 floreat
2607 1370 2825 1457 Hybla
2853 1371 3137 1458 thymis’‚

735 1474 853 1540 cfr.
883 1475 1053 1541 trist.
1080 1474 1141 1541 V
1188 1480 1288 1557 13,
1332 1480 1415 1541 22
1462 1481 1715 1542 ‘careat
1757 1476 1933 1542 dulci
1977 1476 2309 1543 Trinacris
2349 1476 2568 1562 Hybla
2615 1474 2876 1561 thymo’.
2949 1474 3132 1541 Fast.

736 1578 827 1644 IV
870 1584 1000 1645 440
1044 1582 1219 1665 ‘pars
1260 1577 1506 1666 thyma,
1549 1600 1706 1665 pars
1753 1580 2016 1660 casiam,
2059 1600 2219 1667 pars
2261 1579 2597 1647 meliloton
2638 1578 2900 1660 amant’,
2955 1582 3134 1644 inter

740 1680 1109 1769 complures
1152 1684 1535 1769 singulares.
1609 1684 1670 1751 V
1714 1688 1839 1751 272
1885 1683 2142 1750 ‘violam
2187 1690 2256 1751 et
2301 1684 2543 1771 cytisos
2585 1689 2654 1751 et
2693 1682 2920 1771 thyma
2963 1702 3134 1749 cana

738 1786 921 1853 voco’
923 1837 939 1853 .

910 1888 1279 1977 thyrsi¹).
1328 1912 1469 1977 pps
1497 1890 1783 1978 primum
1803 1890 2294 1977 Propertius
2321 1890 2419 1957 111
2441 1895 2500 1972 3,
2532 1896 2614 1956 35
2637 1889 2821 1957 ‘haee
2847 1889 3132 1956 hederas

738 1993 901 2077 legit
948 1993 1016 2059 in
1057 1993 1355 2081 thyrsos’,
1415 2000 1568 2062 ante
1612 2015 1749 2061 voc.
1838 1993 1893 2062 Ο
1911 1996 1986 2061 vi
2005 1995 2194 2061 dius
2251 2016 2376 2081 pps
2434 1994 2636 2061 semel
2679 1998 2832 2061 ante
2879 2012 3018 2060 voc.
3067 2015 3126 2060 a.

740 2115 799 2165 a.
838 2097 875 2163 Ι
922 2100 1044 2165 190
1098 2098 1338 2165 ‘timuit
1392 2098 1893 2185 thyrsosvlndia
1932 2100 2108 2166 victa
2149 2094 2341 2180 tuos’,
2397 2118 2487 2165 sc.
2530 2096 2792 2165 Bacchi.
2861 2098 3133 2165 'Ceteris

738 2200 902 2267 locis
943 2202 1049 2268 vel
1088 2202 1255 2288 plur.
1294 2202 1400 2268 vel
1442 2202 1603 2287 sing.
1647 2203 1916 2289 proprio
1961 2224 2159 2269 sensu
2203 2201 2572 2269 adhibetur.

912 2324 1168 2390 timor
1190 2323 1456 2408 es³)—
1486 2322 1712 2413 φόβοι.
1778 2324 1976 2409 Soph.
2007 2324 2106 2389 Δί.
2139 2329 2283 2390 351.
2315 2322 2390 2391 Ο.
2412 2322 2489 2390 Β.
2513 2328 2657 2389 585.
2693 2322 2912 2408 9174).
2979 2344 3134 2410 pps

737 2425 891 2493 inde
934 2446 977 2491 a
1018 2426 1364 2495 Catullo
1426 2432 1495 2495 et
1552 2427 1982 2494 Lucretio.
2070 2427 2364 2494 Catullus
2410 2433 2513 2509 64,
2559 2432 2642 2495 99
2705 2431 2970 2511 ‘quanto
3013 2426 3134 2491 illa

738 2529 893 2595 tulit
920 2530 1257 2614 languenti
1280 2530 1477 2598 corde
1509 2530 1816 2599 timores’.
1861 2531 2206 2597 Lucretius
2226 2530 2292 2599 11
2314 2537 2396 2597 45
2423 2531 2803 2614 ‘mortisque
2823 2530 3132 2611 timores’;

739 2639 807 2698 et
849 2632 907 2699 V
950 2637 1033 2699 46
1092 2634 1471 2725 ‘quantique
1529 2634 1802 2718 perinde
1861 2634 2184 2716 timores‘3
2245 2654 2375 2719 quo
2434 2634 2578 2700 loco
2645 2654 2792 2699 cum
2855 2632 3132 2716 pluralis

738 2736 1128 2803 coniunctus
1169 2737 1259 2803 sit
1301 2758 1448 2805 cum
1492 2737 1730 2834 ‘curae’
1769 2739 2226 2804 concinnitatis
2257 2758 2458 2805 causa
2486 2744 2842 2822 usurpatus
2870 2735 3132 2802 videtur

738 2860 901 2921 esse,
946 2847 1295 2926 praeterea
1336 2845 1571 2927 poetae
1616 2840 1832 2907 forma
1889 2838 2222 2927 plurativa
2264 2842 2332 2906 iu
2375 2839 2742 2907 hexametri
2781 2838 2911 2905 fine
2954 2860 3130 2905 com-

734 2943 934 3009 'moda
976 2950 1138 3011 erat.
1226 2945 1325 3011 De
1370 2944 1700 3013 Ciceronis
1741 2966 1868 3011 usu
1918 2942 2246 3031 plurativo
2293 2944 2508 3030 Slotty
2549 2944 2594 3009 1.
2637 2965 2690 3009 c.
2733 2950 2912 3010 recte
2955 2944 3127 3010 iudi-

740 3068 925 3114 casse
968 3048 1130 3113 mihi
1172 3048 1448 3115 videtur.
1536 3049 1765 3116 Cicero
1810 3049 2022 3115 tribus
2063 3049 2226 3115 locis
2269 3048 2510 3134 plurali
2553 3069 2711 3123 usus
2755 3053 2887 3113 est:
2941 3047 3128 3114 Tusc.

736 3152 801 3217 11
847 3158 920 3218 11
972 3158 1040 3218 et
1085 3152 1170 3218 de
1210 3152 1334 3237 leg.
1392 3152 1427 3219 1
1472 3158 1575 3235 32,
1618 3153 1736 3219 nbi
1777 3160 2051 3239 propter
2093 3153 2594 3218 concinnitatem
2651 3150 2973 3235 pluralem
3019 3172 3128 3217 ex·

736 3254 1018 3321 hibitum
1080 3278 1223 3323 esse
1266 3257 1481 3343 Slotty
1540 3258 1750 3338 docet,
1813 3264 1882 3323 et
1941 3256 2024 3323 de
2081 3277 2218 3341 rep.
2257 3255 2290 3320 1
2337 3260 2418 3325 68
2483 3255 2568 3321 ad
2614 3257 2832 3321 omnia
2873 3255 3129 3320 timoris

740 3379 984 3443 genera
1025 3360 1094 3425 in
1136 3362 1511 3429 universum
1556 3360 2002 3445 significanda.
2082 3361 2168 3427 Et
2201 3360 2270 3425 in
2300 3381 2378 3427 eo
2409 3359 2622 3445 Slotty
2653 3358 3130 3443 adstipulamur

740 3483 888 3529 cum
930 3484 1142 3547 neque
1184 3464 1427 3531 Caesar
1466 3485 1681 3549 neque
1726 3464 2076 3532 Sallustius
2117 3463 2246 3531 hoc
2296 3462 2540 3550 plurali
2583 3464 2688 3529 usi
2729 3464 2879 3544 sint,
2933 3463 3130 3530 huius

739 3567 918 3631 vocis
959 3589 1147 3634 usum
1190 3568 1586 3654 plurativum
1630 3569 1932 3655 poeticae
1977 3567 2281 3633 dictionis
2325 3567 2533 3633 solum
2575 3588 2716 3633 esse
2760 3568 3130 3653 proprium3

736 3668 963 3753 itaque
1025 3691 1250 3737 eorum
1314 3673 1677 3739 sententias
1738 3671 2176 3755 neglegendas
2243 3692 2387 3737 esse
2401 3722 2417 3752 ,
2487 3672 2601 3755 qui
2661 3670 2981 3756 pluralem
3050 3671 3130 3736 de

736 3773 955 3839 ‘variis
1010 3774 1342 3841 metuendi
1402 3775 1638 3842 causis’
1699 3774 2045 3859 accipiunt.
2134 3774 2345 3840 Simili
2399 3773 2593 3839 modo
2654 3794 2733 3839 ac
2787 3774 3132 3839 Lucretius

736 3875 863 3941 hoc
906 3897 1140 3945 nomen
1182 3877 1624 3963 Vergilius
1682 3878 2028 3964 pluraliter
2081 3876 2347 3944 exhibet
2398 3879 2467 3942 in
2508 3880 2623 3943 Ae.
2667 3877 2727 3944 V
2768 3882 2894 3944 812
2942 3876 3132 3961 ‘pelle

736 3980 1044 4062 timores'‚
1096 3982 1165 4047 in
1222 4002 1450 4049 versus
1510 3981 1676 4063 fine3
1735 3980 1974 4066 quibus
2025 3980 2244 4046 verbis
2298 3980 2644 4066 Neptunus
2687 3982 3003 4047 Venerem
3051 3983 3133 4047 de

741 4086 999 4149 Aeneae
1036 4084 1251 4151 salute
1293 4086 1627 4151 timentem
1662 4085 2054 4150 consolatur.
2126 4084 2536 4167 Ladewigius
2566 4085 2741 4151 hunc
2787 4085 3001 4151 locum
3037 4086 3134 4151 sic

912 4242 969 4306 1)
1006 4238 1169 4295 Neue
1206 4240 1239 4292 I
1276 4244 1397 4295 613.
1466 4240 1725 4295 Bednara
1757 4243 1878 4295 550.

910 4327 967 4391 2)
1004 4326 1265 4381 Bednara
1300 4329 1421 4381 540.

920 4414 977 4479 3)
1016 4411 1177 4468 Neue
1210 4412 1245 4466 I
1278 4414 1400 4469 Gffl.
1470 4414 1659 4485 Slotty
1694 4416 1778 4468 31.
1813 4415 1900 4469 46.
1933 4416 2020 4468 49.

912 4501 973 4569 4)
1011 4498 1161 4570 Volp
1195 4501 1279 4555 60.
