3325 5359
1668 394 2102 453 -46—

697 568 942 627 ‘evocet
986 610 1047 626 ..
1095 562 1636 645 currusturora
1683 560 1986 625 diurnos’.
2053 561 2101 624 V
2150 565 2274 626 402
2322 566 2569 643 ‘raptor
2613 560 2750 643 agit
2794 582 3077 645 curi-usu

692 664 796 745 et’,
857 666 936 729 de
981 664 1272 730 Plutonis
1330 685 1544 743 curru,
1611 664 1680 727 in
1742 684 1870 745 quo
1917 663 2368 748 Proserpinam
2428 663 2731 745 abduxit3
2790 665 3077 749 itemque

695 774 821 834 424
866 775 1125 851 ‘pronos
1171 788 1402 833 currus
1446 767 1658 833 medio
1707 771 1963 832 cratere
2009 762 2298 850 recepit'.
2390 773 2504 832 511
2561 768 2881 833 ‘curribus
2926 788 3077 832 oras

695 872 849 937 Exit
877 873 943 936 in
981 870 1325 936 aetherias’
1375 870 1456 936 de
1485 870 1736 936 Cerere.
1796 876 1921 936 642
1967 871 2275 955 ‘geminos
2318 869 2441 935 dea
2484 921 2498 935 .
2532 920 2545 935 .
2588 892 2833 954 angues
2856 872 3076 935 Curri-

689 975 811 1040 bus
859 974 1182 1041 admovit’.
1271 974 1367 1039 De
1401 994 1525 1040 uno
1557 995 1754 1039 curru
1801 975 1904 1057 agi
1942 975 2155 1040 elucet
2194 996 2229 1040 e
2259 997 2317 1039 v.
2368 982 2495 1041 645
2543 974 2764 1040 ‘levem
2812 995 3073 1039 currum

695 1078 1034 1144 Tritonida
1077 1078 1253 1143 misit
1296 1078 1361 1141 in
1407 1073 1674 1143 urbem’.
1763 1077 1913 1143 VIII
1960 1083 2083 1145 794
2129 1078 2371 1162 ‘accipe
2408 1078 2947 1163 currustccipe'
2994 1077 3077 1143 de

689 1181 915 1247 eodem
956 1181 1118 1265 legis
1167 1185 1289 1246 796
1335 1180 1466 1246 abl.
1499 1182 1656 1265 sing.
1698 1182 1762 1245 in
1810 1202 2033 1247 versus
2074 1180 2219 1247 fine.
2288 1182 2406 1248 XV
2451 1187 2575 1250 790
2620 1183 2849 1266 ‘sparsi
2891 1182 3073 1247 luna-

687 1306 792 1351 res
839 1286 1152 1368 sanguine
1197 1284 1465 1350 currus’.

860 1408 1160 1454 cursus
1185 1389 1255 1474 ¹).
1342 1410 1491 1472 pps
1537 1389 1979 1475 Vergilius
2037 1409 2130 1472 ge.
2176 1389 2270 1454 III
2322 1394 2441 1455 119
2486 1390 2784 1472 magistri
2830 1389 3071 1471 ‘exqui-

684 1497 839 1557 runt
898 1490 1310 1574 calidumque
1370 1494 1600 1557 animis
1663 1499 1730 1559 et
1788 1492 2396 1578 cursibuswacremss
2458 1515 2545 1557 sc.
2600 1513 2855 1576 equum.
2926 1490 3069 1555 Abl.

687 1596 846 1679 sing.
894 1616 1088 1661 cursu
1134 1595 1596 1679 synaloepham
1641 1595 1966 1663 effecissit.
2044 1597 2355 1664 Similiter
2398 1595 2478 1662 de
2526 1617 2690 1680 equo
2740 1602 2861 1661 193
2907 1600 3067 1659 ‘tum

686 1698 983 1765 cursibus
1043 1720 1238 1764 auras
1442 1706 1629 1766 vocet
1684 1722 1762 1766 ac
1814 1723 1931 1785 per
1996 1707 2227 1785 aperta
2290 1700 2553 1765 volans'.
2637 1703 2746 1766 Ae.
2792 1699 2887 1764 111
2950 1702 3069 1765 1⁴6

686 1802 1000 1868 Anchises
1046 1803 1382 1868 oraculum
1429 1805 1709 1888 requirit
1755 1815 1970 1887 ‘quam
2011 1856 2063 1872 ..
2108 1805 2300 1870 finem
2330 1804 2526 1869 rebus
2562 1803 2752 1882 ferat,
2784 1801 2966 1868 'unde
3011 1851 3067 1864 ..

683 1912 1006 1989 temptare
1047 1905 1357 1971 auxilium
1415 1906 1659 1987 iubeat,
1726 1930 1854 1993 quo
1899 1915 2155 1974 vertere
2202 1908 2468 1973 cursus'.
2530 1912 2658 1973 430
2704 1907 3070 1991 ‘longosvet

684 2008 1192 2075 circumflectere
1231 2011 1496 2075 cursus’.
1575 2017 1703 2077 460
1740 2019 2117 2097 ‘cursusque
2156 2011 2342 2077 dabit
2369 2016 2681 2076 venerata
2710 2011 3066 2075 secundos'.

685 2116 809 2179 686
855 2114 1025 2178 inter
1070 2112 1349 2196 Scyllam
1396 2120 1462 2179 et
1507 2114 1878 2199 Charybdin
1924 2118 2009 2181 ‘ni
2051 2121 2320 2181 teneant
2362 2114 2629 2193 cursus'‚
2697 2120 2847 2180 ante
2894 2135 3063 2180 cons.

687 2221 806 2281 717
844 2218 1106 2281 Aeneas
1152 2214 1311 2281 ‘fata
1354 2217 2005 2285 renarrabat-divom
2052 2240 2410 2302 cursusque
2457 2217 2772 2283 docebat'.
2818 2218 2909 2283 IV
2942 2221 3062 2282 196

684 2321 998 2406 ‘protinus
1044 2320 1127 2383 ad
1177 2341 1398 2404 regem
1445 2342 1674 2387 cursus
1720 2322 2068 2407 detorquet
2111 2321 2388 2388 Iarban’.
2438 2323 2493 2387 V
2539 2327 2657 2390 131
2706 2323 2976 2386 ‘Aeneas
3008 2370 3021 2383 .
3048 2371 3062 2385 .

683 2424 1021 2489 constituit
1084 2425 1336 2507 signum
1392 2425 1787 2511 longosvubi
1845 2425 2353 2491 circumflectere
2407 2424 2672 2491 cursus’.
2748 2430 2872 2489 738
2913 2430 3063 2489 ‘tor-

683 2532 840 2611 quet
861 2526 1106 2592 medios
1143 2528 1286 2593 Nox
1322 2528 1522 2594 unida
1558 2530 1967 2615 cursustt’.
2014 2530 2100 2596 VI
2140 2535 2265 2596 350
2302 2535 2681 2612 ‘cursusque
2716 2527 3060 2611 regebam'.

681 2632 739 2697 V
783 2635 905 2695 667
953 2637 1329 2715 *οιιϊειιευιιὺ
1373 2630 1585 2698 laetus
1631 2640 1967 2718 equestres
2012 2632 2310 2698 ducebat'
2357 2635 2472 2718 (sc.
2520 2632 2883 2716 Ascanius).
2946 2631 3064 2696 VII

683 2740 721 2800 8
768 2734 1132 2818 ‘adspirant
1175 2756 1378 2799 aurae
1420 2737 1488 2800 in
1531 2743 1789 2802 noctem
1834 2760 1955 2803 nec
2001 2736 2280 2802 candida
2326 2758 2557 2801 cursus
2583 2736 2783 2811 ,Luna
2826 2734 3058 2818 negat'.

682 2838 742 2902 X
787 2843 910 2904 249
957 2837 1126 2903 ‘inde
1169 2839 1301 2902 alia
1349 2842 1464 2925 (sc.
1496 2843 1721 2927 naves)
1768 2840 2057 2907 celerant
2093 2841 2359 2919 cursus',
2407 2846 2558 2905 ante
2594 2860 2768 2904 cons.
2827 2840 2951 2905 XII
2980 2843 3060 2904 84

683 2942 832 3025 equi
892 2942 1022 3025 ‘qui
1086 2942 1364 3007 candore
1411 2944 1588 3009 nives
1633 2947 1972 3024 anteirent,
2020 2944 2316 3009 cursibus
2359 2944 2591 3009 auras’.
2650 2948 2773 3009 909
2820 2942 3059 3025 ‘nequi-

681 3067 876 3129 quam
915 3045 1542 3131 avidosvextendere
1573 3050 1820 3115 cursus'
1854 3048 2137 3135 (δρόμον
2179 3047 2359 3117 ὠκὺν
2394 3047 2738 3130 ἐκτανών).
2784 3045 3056 3110 Tibull.

680 3149 917 3231 Paneg.
966 3156 1044 3215 55
1092 3156 1230 3213 ‘nec
1267 3150 1473 3216 valuit
1516 3150 1686 3216 lotos
1734 3158 2351 3237 coeptosvavertere
2398 3151 2663 3217 cursus'.
2745 3149 3057 3214 Ovidius

681 3253 867 3336 epist.
910 3252 972 3316 II
1014 3257 1092 3316 l4
1139 3256 1278 3317 ‘nec
1325 3254 1538 3319 tenuit
1582 3276 1811 3320 cursus
1847 3254 2125 3320 forsitan
2153 3255 2263 3320 ille
2293 3255 2481 3333 tuos’,
2527 3254 2607 3318 de
2652 3252 3057 3337 Demophon-

679 3357 765 3420 tis
811 3355 1026 3419 reditu
1072 3356 1306 3437 agitur.
1371 3356 1522 3422 XVI
1567 3362 1689 3422 203
1757 3358 2073 3424 ‘cursibus
2125 3360 2192 3423 in
2237 3358 2469 3423 mediis
2512 3358 2822 3423 novitatis
2868 3356 3059 3441 plena

679 3457 990 3553 relinquis
1038 3459 1313 3525 Gaudia’
1359 3461 1636 3546 (Helena
1678 3461 1761 3525 ad
1803 3463 2152 3548 Paridem).
2243 3464 2314 3527 A.
2362 3484 2417 3525 a.
2462 3462 2523 3526 II
2570 3467 2651 3527 74
2712 3449 3057 3525 ‘Daedalus

682 3612 695 3625 .
730 3614 742 3627 .
792 3583 1021 3628 cursus
1059 3565 1336 3629 sustinet
1368 3585 1571 3647 usque
1609 3566 1797 3630 suos’.
1846 3570 1970 3631 274
2017 3575 2155 3631 ‘nec
2186 3570 2696 3649 cursusvanteat
2731 3564 2842 3628 ille
2871 3562 3055 3628 tuos'.

680 3665 831 3730 Met.
878 3666 940 3729 II
987 3670 1103 3730 721
1157 3666 1497 3751 ‘Cyllenius
1557 3669 1828 3734 inclinat
1884 3670 2270 3754 cursusvet’.
2336 3670 2430 3733 III
2476 3673 2598 3735 636
2652 3668 2921 3747 ‘Naxon‚
2968 3667 3059 3731 ait

680 3769 893 3849 Liber,
941 3771 1544 3854 cursus'vadvertite
1578 3774 1867 3839 vestros'.
1915 3773 1971 3838 V
2010 3778 2136 3837 610
2176 3773 2479 3837 ‘tolerare
2517 3771 2626 3837 diu
2658 3791 3057 3856 cursusvego

680 3922 692 3936 .
730 3922 743 3937 .
787 3893 916 3936 non
974 3874 1310 3958 poteram',
1369 3874 1450 3940 de
1494 3876 1859 3941 Arethusae
1911 3877 2067 3959 fuga
2114 3878 2346 3959 agitur.
2418 3876 2505 3941 VI
2556 3880 2680 3940 226
2727 3874 2953 3939 ‘flectit
2993 3875 3058 3938 in

680 3975 902 4041 orbem
949 3976 1403 4060 Quadrupedis
1449 3980 1717 4044 cursus'.
1780 3980 1899 4046 VII
1946 3985 2066 4045 792
2110 3980 2649 4064 ‘invictosvambo
2698 3982 2949 4064 (canem
2996 3983 3061 4042 et

677 4080 958 4164 volpem)
1005 4082 1358 4145 certamine
1395 4084 1890 4167 cursustsse’3
1937 4083 2017 4148 de
2056 4084 2283 4147 eadem
2319 4104 2390 4147 re
2420 4082 2748 4147 antecedit
2776 4082 2815 4145 i.
2847 4105 2904 4145 v,
2936 4086 3059 4146 780

681 4184 1182 4265 singularis:
1229 4187 1394 4249 ‘novi
1439 4186 1817 4270 spectacula
1856 4187 2123 4251 cursus'.
2169 4188 2230 4252 X
2276 4191 2397 4251 667
2446 4187 2749 4250 ‘declinat
2780 4207 3058 4269 cursusw

685 4287 952 4365 aurum'‚
997 4307 1084 4351 sc.
1133 4289 1445 4354 Atalanta
1489 4311 1658 4374 quae
1689 4290 1801 4354 ubi
1831 4291 1897 4354 in
1930 4293 2281 4355 certamine
2310 4290 2554 4354 malum
2588 4310 2853 4355 aureum
2887 4290 3056 4372 Nep-

857 4428 902 4493 1)
944 4424 1054 4481 cfr.
1085 4424 1330 4496 Wagner
1354 4430 1563 4496 quaest.
1591 4426 1759 4497 Verg.
1798 4447 1851 4498 p.
1878 4430 1995 4483 916.
2068 4427 2254 4497 Spitta
2288 4430 2323 4481 1.
2361 4447 2406 4482 c.
2446 4447 2499 4497 p.
2520 4430 2604 4481 33.
2676 4428 3059 4481 Braumueller

678 4512 712 4565 l.
752 4530 798 4567 c.
838 4532 892 4583 p.
931 4515 1010 4567 15.
