3325 5359
1703 365 2174 425 —118-

754 531 935 598 elisio
994 531 1306 612 evitatur3
1368 530 1448 596 de
1495 552 1625 596 una
1671 537 1926 597 tantum
1972 538 2274 616 serpente
2322 534 2618 616 quaestio
2665 539 2781 613 est,
2833 532 3153 598 nimirum

750 637 832 703 de
876 656 956 701 ea
986 656 1154 720 quae
1187 635 1388 701 vellus
1438 656 1706 701 aureum
1753 636 2059 701 servabat
2090 641 2156 702 et
2188 658 2226 701 a
2256 637 2488 703 Iasone
2519 638 2750 703 Medea
2789 637 3154 703 adiuvante

748 740 1097 807 interfecta
1158 743 1273 805 est.
1378 740 1477 805 De
1541 739 1768 805 eadem
1828 740 1990 824 legis
2057 741 2448 824 singularem
2505 742 2573 806 in
2633 763 2688 807 v,
2757 746 2868 807 171
2934 741 3155 827 ‘potui

752 845 967 930 sopire
1014 844 1402 924 draconem’‚
1445 844 1737 928 itemque
1788 850 1910 911 196
1957 847 2278 929 ‘serpens'.

925 987 1115 1050 serp
1137 965 1253 1050 yll
1274 965 1382 1051 αἱ)
1400 1000 1487 1015 -·
1508 966 1857 1051 ἕρπυλλον.
1900 966 2060 1031 Cato
2090 966 2171 1033 de
2203 988 2338 1050 agr.
2367 972 2445 1032 73
2479 966 2736 1053 thymus
2768 966 3151 1053 serpyllum.

753 1068 1037 1137 Pluralis
1080 1071 1359 1154 primum
1407 1070 1581 1154 apud
1631 1069 2093 1154 Vergilium
2140 1071 2466 1137 invenitur
2511 1091 2607 1155 ge.
2648 1070 2737 1137 IV
2771 1076 2844 1136 31
2901 1072 3151 1137 ‘casiae

748 1174 989 1239 virides
1049 1180 1116 1239 et
1176 1174 1418 1239 olentia
1482 1174 1616 1239 late
1679 1173 2016 1259 Serpylla’‚
2083 1175 2357 1260 pluralis
2423 1175 2877 1240 concinnitatis
2939 1197 3152 1240 causa

756 1279 927 1344 inter
992 1279 1356 1362 complures
1425 1278 1733 1363 plurales.
1838 1278 2079 1344 Contra
2135 1280 2296 1363 sing.
2355 1279 2470 1345 ecl.
2529 1279 2591 1344 II
2656 1286 2728 1345 11
2797 1277 2947 1344 ‘alia
3011 1300 3152 1343 ser-

745 1383 1121 1468 pyllumque
1163 1381 1403 1447 herbas
1451 1381 1792 1448 contundit
1835 1382 2105 1448 olentis’.

924 1503 1204 1570 sibila.
1279 1503 1559 1569 Pluralis
1607 1504 1784 1587 apud
1815 1503 2112 1569 Ovidium
2146 1526 2273 1569 non
2303 1526 2454 1569 rare
2500 1504 2813 1569 occurrit:
2864 1504 3019 1569 Met.
3053 1502 3148 1568 III

756 1612 841 1673 38
908 1607 1380 1691 ‘horrendaque
1448 1607 1640 1672 sibila
1707 1608 1918 1672 misit’.
2022 1609 2109 1674 IV
2169 1615 2296 1675 494
2355 1608 2568 1673 ‘sibila
2633 1607 2828 1688 dant’‚
2900 1609 2942 1671 i.
2989 1608 3043 1673 Ι.
3089 1630 3149 1691 p.

756 1711 911 1776 XIII
962 1716 1085 1777 785
1133 1716 1496 1777 ‘senserunt
1522 1711 1819 1794 pastoria
1849 1710 1964 1797 (sc.
1995 1710 2403 1797 Polyphemi)
2437 1711 2629 1776 sibila
2657 1712 2948 1779 montes'.
3031 1710 3149 1775 XV

757 1821 883 1882 670
929 1814 1107 1879 ‘deus
1151 1814 1543 1899 praenuntia
1588 1814 1780 1880 sibila
1824 1814 2037 1883 misit'.
2129 1821 2254 1881 684
2289 1815 2590 1901 ‘repetita
2621 1814 2838 1879 dedit.
2869 1813 3149 1881 ..sibila

752 1918 1016 2002 lingua‘.

925 2038 1252 2105 sidera
1320 2038 1613 2103 lunae.
1722 2039 2157 2123 Vergilius
2231 2039 2356 2106 Cir.
2422 2044 2502 2106 38
2586 2037 2884 2105 ‘candida
2950 2039 3143 2103 lunae

757 2143 1025 2209 Sidera’.
1130 2142 1372 2208 Contra
1439 2144 1598 2226 sing.
1657 2144 1955 2226 poeticus
2015 2144 2190 2208 vocis
2249 2143 2467 2209 ‘sidus'
2528 2144 2788 2227 saepius
2857 2144 3145 2210 occurrit

757 2246 932 2333 apud
975 2247 1169 2329 Verg.
1217 2251 1283 2311 et
1326 2245 1624 2311 Ovidium
1664 2247 1730 2310 in
1777 2245 2082 2311 ablativo.

928 2369 1035 2434 sil
1058 2368 1229 2434 enti
1251 2367 1382 2451 αἳ).
1459 2367 1573 2432 Lu
1594 2369 1919 2433 cretius
1963 2367 2281 2451 pluralem
2314 2370 2380 2433 in
2411 2375 2752 2454 poetarum
2785 2388 3142 2435 sermonem

756 2472 1031 2552 induxit,
1090 2473 1203 2556 qui
1263 2492 1408 2537 eum
1469 2470 1647 2536 hisce
1710 2470 1872 2537 locis
1932 2471 2228 2537 exhibet:
2288 2474 2376 2538 IV
2425 2478 2553 2539 460
2600 2479 2844 2538 ‘severa
2888 2472 3144 2537 silentia

754 2576 982 2643 noctis’
1031 2581 1097 2641 et
1142 2580 1266 2642 583
1314 2576 1660 2640 ‘taciturna
1724 2575 1984 2640 silentia
2043 2577 2296 2671 rumpi’.
2387 2578 2527 2656 Quo
2569 2578 2637 2641 in
2681 2598 2803 2641 usu
2849 2577 3145 2659 sequitur

642 2668 653 2678 ’
758 2680 1154 2763 Vergilius
1184 2680 1296 2763 qui
1319 2679 1544 2745 eodem
1568 2678 1760 2743 modo
1794 2699 1871 2743 ac
1896 2679 2236 2745 Lucretius
2266 2679 2587 2764 pluralem
2612 2702 2739 2746 non
2761 2681 2881 2745 nisi
2908 2681 2978 2744 in
2995 2680 3068 2757 V.
3085 2702 3142 2763 p.

764 2785 1123 2868 usurpavit,
1166 2782 1345 2849 hisce
1377 2782 1566 2848 locis:
1606 2784 1718 2848 Ae.
1749 2782 1783 2846 Ι
1807 2787 1931 2847 730
1973 2788 2129 2848 ‘tum
2161 2783 2338 2849 facta
2368 2784 2625 2848 silentia
2652 2784 2880 2849 tectis'.
2925 2784 2994 2849 II
3027 2790 3144 2850 255

754 2894 890 2972 ‘per
916 2888 1128 2953 amica
1150 2887 1410 2952 silentia
1431 2886 1660 2951 lunae’.
1713 2892 1834 2953 755
1865 2886 2074 2951 ‘simul
2104 2887 2248 2971 ipsa
2281 2888 2538 2953 silentia
2567 2887 2854 2952 torrent’.
2900 2887 3000 2951 III
3027 2892 3139 2951 112

756 2992 927 3057 ‘hinc
968 2991 1103 3056 fida
1133 2991 1391 3057 silentia
1422 2989 1664 3057 sacris’.
1733 2990 1792 3054 X
1829 2994 1907 3055 63
1941 2998 2062 3055 ‘me
2096 2990 2232 3055 alta
2265 2991 2522 3056 silentia
2555 2992 2730 3075 cogis
2768 2991 3139 3075 Rumpere’3

757 3116 886 3179 quo
931 3094 1076 3160 loco
1109 3094 1405 3180 Seyssius
1443 3093 1762 3177 pluralem
1811 3094 2198 3159 intensivum
2247 3094 2750 3178 intellegendum
2783 3115 2925 3159 esse
2973 3093 3142 3160 arbi·

756 3200 1007 3265 tratur!
1081 3198 1173 3263 XI
1220 3202 1340 3266 241
1392 3204 1547 3262 ‘tum
1589 3196 1768 3261 facta
1813 3197 2071 3262 silentia
2111 3197 2385 3281 linguis’.
2480 3198 2603 3264 Cir.
2643 3202 2771 3264 210
2811 3204 3142 3263 ‘nocturna

760 3302 1026 3368 silentia
1071 3301 1386 3384 temptat'.
1478 3300 1880 3366 Tibullus
1923 3302 2180 3365 unicum
2225 3302 2500 3385 praebet
2545 3302 2909 3387 exemplum
2945 3305 2997 3367 P
3033 3305 3141 3368 129

757 3411 1019 3471 ‘cuncta
1082 3405 1343 3469 silentia
1402 3404 1603 3469 votis'.
1695 3404 2046 3470 Ovidius
2109 3406 2435 3489 permulta
2487 3405 2764 3489 praebet
2821 3405 3138 3489 exempla:

765 3510 907 3573 Art.
952 3509 1017 3574 Π
1063 3514 1183 3575 505
1232 3509 1583 3573 ‘taciturna
1628 3508 1888 3573 silentia
1932 3509 2129 3589 vitet’,
2169 3510 2327 3573 item
2372 3511 2411 3573 i.
2458 3509 2534 3574 V.
2579 3531 2640 3593 p.
2689 3516 2832 3575 603.
2919 3509 3071 3574 Met.
3112 3506 3140 3570 I

758 3613 884 3679 206
954 3618 1240 3677 ‘tenuere
1306 3611 1563 3676 silentia
1623 3611 1876 3676 cuncti’.
1983 3616 2106 3678 232
2172 3618 2550 3695 ‘nactusque
2620 3612 2878 3677 silentia
2936 3610 3137 3677 ruris’.

764 3720 889 3781 394
939 3722 1153 3799 ‘agere
1200 3716 1335 3781 alta
1380 3715 1638 3780 silentia
1684 3714 1934 3780 terras’.
2027 3721 2151 3782 384
2198 3717 2588 3801 ‘rumpitque
2649 3716 2906 3781 silentia
2950 3714 3135 3780 voce’.

761 3819 823 3883 II
869 3825 993 3885 700
1037 3818 1366 3903 ‘furtoque
1412 3818 1672 3884 silentia
1717 3818 1939 3884 deme'.
2011 3818 2099 3883 IV
2147 3824 2272 3885 433
2328 3821 2432 3884 via
2486 3820 2686 3884 ‘ducit
2729 3819 2814 3883 ad
2859 3818 3133 3884 infernas

761 3944 881 4006 per
935 3929 1117 3988 muta
1176 3923 1436 3988 silentia
1496 3923 1720 3987 sedes'.
1814 3922 1933 3986 VII
1981 3929 2101 3989 184
2163 3931 2299 4007 ‘per
2356 3929 2538 3988 muta
2593 3923 2852 3988 silentia
2898 3920 3133 3988 noctis’.

761 4025 853 4091 IX
917 4032 1039 4093 693
1103 4025 1465 4110 ‘digitoque
1534 4026 1792 4092 silentia
1853 4027 2135 4092 suadet'.
2240 4027 2299 4092 X
2361 4033 2442 4093 30
2503 4028 2825 4110 ‘vastique
2889 4024 3133 4092 silentia

764 4129 989 4213 regni’,
1046 4142 1134 4195 sc.
1182 4130 1493 4195 Plutonis.
1587 4134 1667 4195 53
1716 4137 1852 4213 ‘per
1895 4136 2078 4195 muta
2135 4130 2393 4196 silentia
2447 4130 2729 4211 trames’,
2787 4151 2874 4198 sc.
2919 4128 3131 4195 Hadis.

936 4338 987 4405 1)
1025 4336 1228 4405 Weise‚
1269 4336 1488 4391 Griech.
1529 4336 1761 4391 Wbrter
1798 4356 1852 4407 p.
1889 4340 2006 4392 516.

773 4422 1189 4563 ΒΘᾱΠΞΞΒΝὸἰέΘ
1243 4423 1274 4477 1
1308 4424 1427 4477 632.
1500 4423 1690 4493 Spitta
1740 4428 1818 4481 17.
1871 4426 1950 4479 18.
2024 4423 2190 4494 Seyss
2228 4428 2277 4481 7.
2350 4425 2540 4495 Appel
2588 4426 2672 4479 21.
2743 4422 3029 4494 Landgraf
3057 4422 3129 4474 73.
