3325 5359
1693 362 2123 425 ..ω-

719 537 1008 612 currunt,
1073 552 1266 597 aures
1339 529 1691 597 offendunt.
1780 532 2161 615 Propertius
2220 532 2315 597 111
2376 537 2434 610 3,
2492 537 2577 597 23
2630 532 2819 598 ‘alter
2882 551 3098 595 remus

718 636 1166 721 aquas,valter
1207 634 1331 701 tibi
1392 635 1590 699 radat
1641 635 1945 700 harenas'
2004 637 2465 701 concinnitatis
2530 656 2760 716 causa3
2824 634 3101 719 pluralis

717 740 962 825 ‘aquas'
1006 739 1291 804 elisionis
1322 739 1664 803 evitandae
1711 760 1914 805 causa
1956 743 2327 825 (metroque
2353 738 2647 823 iubente)
2690 740 2945 823 positus
2984 742 3097 803 est.

715 844 814 909 111
857 849 955 923 14,
1005 849 1082 907 17
1127 843 1438 908 ‘Eurotae
1483 892 1498 906 .
1530 893 1546 905 .
1590 842 2069 927 harenisvHic’.
2128 843 2290 909 Cum
2323 865 2548 909 versus
2592 863 2869 926 sequens
2890 862 2953 905 ‚a
2992 841 3099 905 lit-

713 953 862 1011 tera
903 947 994 1011 ‘h’
1036 948 1327 1030 incipiat,
1371 946 1619 1030 plurali
1641 946 1866 1012 hiatus
1896 949 2201 1013 evitatur.
2260 949 2447 1027 Quos
2478 953 2715 1031 poetas
2750 948 2823 1011 in
2860 944 3101 1029 plurali

717 1050 1085 1116 adhibendo
1147 1056 1410 1115 secutus
1473 1056 1574 1116 est
1618 1050 1905 1131 Ovidius,
1965 1052 2078 1135 qui
2133 1053 2331 1117 etiam
2391 1053 2551 1135 sing.
2612 1057 2681 1115 et
2737 1050 2906 1134 plur.
2948 1068 3099 1133 pro·

715 1155 960 1219 miscue
1023 1155 1251 1219 utitur.
1340 1154 1817 1237 Nonnunquam
1882 1176 2143 1247 quoque
2206 1154 2474 1220 exhibet
2536 1154 2857 1239 pluralem
2920 1152 3102 1216 nulla

677 1264 682 1267 '
717 1263 988 1341 cogente
1031 1278 1248 1336 causa,
1292 1258 1470 1322 velut
1515 1278 1640 1322 am.
1686 1258 1748 1321 11
1796 1264 1896 1338 11,
1926 1264 2010 1323 47
2056 1259 2303 1323 ‘molles
2345 1265 2719 1324 sternentur
2762 1255 3096 1335 harenae’3

719 1369 840 1426 art.
871 1362 966 1427 III
1001 1366 1128 1427 395
1173 1362 1565 1427 ‘maculosae
1609 1363 1925 1445 sanguine
1972 1363 2293 1427 harenae’.
2346 1362 2500 1429 Met..
2528 1362 2589 1427 X
2622 1366 2740 1427 701
2790 1368 3100 1427 ‘summffiae

718 1465 932 1531 cauda
983 1460 1333 1531 verruntur
1390 1464 1719 1543 harenae’,
1801 1466 2072 1551 spondei
2144 1468 2533 1549 gravitatem
2594 1472 2791 1549 atque
2846 1464 3099 1548 pondus

717 1570 1049 1649 denotant,
1110 1569 1460 1653 singularis
1517 1576 1792 1637 ‘summa
1836 1621 1851 1635 .
1884 1621 1899 1635 .
1945 1571 2247 1636 verritur'
2296 1571 2381 1635 ad
2424 1576 2705 1635 metrum
2757 1589 2885 1633 non
2939 1590 3099 1652 qua-

721 1674 891 1739 drat.
967 1674 1395 1738 Accusativus
1437 1674 1747 1757 pluralis:
1809 1696 1933 1739 am.
1978 1676 2043 1739 11
2086 1681 2185 1754 19,
2229 1681 2312 1740 45
2366 1676 2435 1739 in
2478 1695 2703 1739 versus
2746 1672 2874 1737 fine
2918 1671 3101 1737 nulla

722 1783 992 1861 cogente
1037 1798 1253 1843 causa.
1310 1777 1518 1862 Epist.
1564 1778 1691 1844 XII
1739 1784 1817 1843 13
1872 1780 1957 1843 ‘in
2000 1785 2263 1844 nostras
2307 1780 2616 1862 quoniam
2660 1798 2829 1842 nova
2864 1777 3101 1860 puppis

720 1882 1003 1946 harenas
1065 1882 1390 1961 Venerat’,
1458 1884 1615 1965 quia
1686 1882 2003 1966 singulari
2066 1884 2279 1967 posito
2342 1888 2413 1947 et
2467 1905 2534 1947 m
2594 1882 2857 1946 litterae
2912 1881 3103 1944 nimis

723 1989 1137 2050 cumulantur
1179 1990 1248 2049 et
1289 1984 1621 2050 ‘harenam
1665 1987 1971 2052 Venerat’
2018 2008 2211 2051 aures
2242 1986 2529 2066 offendit,
2570 1985 2739 2069 plur.
2772 1984 3102 2048 adhibitus

723 2094 841 2153 est.
898 2089 1052 2155 Met.
1081 2088 1143 2154 II
1175 2093 1302 2153 456
1347 2089 1997 2175 ‘attritaswversabat
2041 2092 2218 2157 rivus
2259 2090 2581 2168 harenas’,
2625 2090 2886 2154 litterae
2928 2110 2995 2151 m
3039 2094 3106 2151 et

721 2215 779 2273 v,
824 2194 880 2257 si
917 2192 1266 2276 singularis
1296 2192 1667 2273 adhibetur,
1697 2200 2110 2260 concurrunt.
2154 2196 2451 2278 Itemque
2481 2194 2572 2260 IV
2602 2198 2726 2258 617
2758 2191 3102 2275 ‘Lybicasv

721 2297 932 2361 victor
974 2346 988 2359 .
1021 2345 1036 2359 .
1065 2296 1384 2361 harenas’.
1431 2298 1484 2361 V
1520 2303 1644 2363 352
1688 2300 2052 2383 ‘resupinus
2082 2297 2716 2383 harenastiectat’,
2760 2295 3107 2379 singularis

724 2405 876 2464 ante
918 2420 1077 2479 voc.,
1136 2420 1282 2465 cum
1326 2421 1552 2465 versus
1589 2407 1717 2467 352
1762 2407 1829 2468 et
1872 2408 1998 2468 353
2045 2402 2459 2480 cohaereant,
2506 2401 2837 2465 elisionem
2886 2397 3105 2463 efficit.

721 2504 840 2567 Vll
885 2506 1011 2570 267
1055 2508 1143 2568 ‘et
1184 2504 1646 2589 quasVOceani
1695 2556 1709 2569 .
1744 2556 1757 2570 .
1804 2506 2125 2587 harenas’,
2188 2528 2416 2571 versus
2472 2526 2749 2588 sequens
2808 2524 2849 2567 a
2898 2502 3109 2567 vocali

717 2607 964 2690 incipit.
1027 2607 1256 2673 Vocali
1304 2628 1343 2671 a
1387 2630 1519 2691 qua
1561 2630 1790 2675 versus
1836 2632 2113 2694 sequens
2157 2611 2389 2694 incipit
2416 2609 2541 2673 hoc
2570 2608 2718 2675 loco
2748 2608 3106 2672 auctoritas

746 2709 1068 2774 ribuenda
1097 2732 1228 2775 non
1260 2718 1378 2789 est,
1426 2734 1572 2777 cum
1602 2734 1759 2779 voce
1800 2714 2117 2779 ‘harenas’
2154 2714 2481 2779 sententia
2510 2710 2977 2797 comprehensa
3006 2711 3106 2776 sit.

725 2813 818 2877 IX
850 2817 924 2878 61
963 2814 1432 2901 ‘harenasvore
1480 2817 1851 2898 momordi’3
1901 2818 2189 2883 elisionis
2222 2817 2567 2882 evitandae
2597 2836 2815 2881 causa.
2860 2814 2954 2880 Xl
2984 2819 3105 2879 615

722 2917 906 2982 ‘silva
944 2920 1115 3001 gerit
1157 2918 1738 3005 frondesk‘eiectas
1798 2922 1955 2986 litus
2013 2920 2337 3002 harenas’,
2398 2919 2851 2985 concinnitatis
2913 2938 3111 2983 causa

719 3020 992 3104 pluralis
1050 3022 1382 3089 ‘harenas’
1439 3026 1695 3107 positus
1760 3031 1891 3107 est3
1955 3026 2124 3109 plur.
2170 3023 2471 3090 ‘frondes’
2518 3029 2670 3088 ante
2712 3043 2849 3087 voc.
2904 3028 3109 3086 metro

734 3125 1124 3209 postulatur.
1169 3127 1290 3193 XV
1335 3133 1415 3192 27
1422 3133 1459 3193 9
1505 3128 2135 3214 ‘Sicaniasvvolvens
2177 3130 2547 3194 Amenanus
2592 3126 3111 3211 harenastunc

735 3227 917 3294 fluit'.
1005 3229 1102 3293 Ne
1143 3230 1408 3295 litterae
1452 3239 1541 3295 ‘m
1572 3228 1636 3295 v'
1690 3237 1756 3296 et
1802 3241 1893 3297 ‘m
1923 3233 1992 3297 n’
2040 3238 2451 3311 concurrant,
2509 3230 2783 3315 pluralis
2836 3251 2878 3293 a
2918 3234 3113 3313 poeta

735 3338 1090 3415 usurpatus
1133 3339 1266 3397 est:
1311 3333 1674 3417 euphoniae
1714 3356 1932 3401 causa.
1985 3336 2181 3401 Trist.
2210 3336 2261 3414 I,
2296 3341 2351 3414 1,
2386 3342 2465 3401 55
2512 3340 2693 3418 ‘quot
2728 3333 2885 3397 litus
2922 3332 3111 3397 hare-

736 3456 856 3499 nas
921 3435 1222 3518 Quotque
1281 3435 1520 3501 fretum
1579 3439 1811 3522 pisces,
1869 3460 2119 3523 ovaque
2178 3441 2376 3523 piscis
2436 3422 2687 3516 habet’3
2750 3436 2917 3521 plur.
2963 3456 3111 3500 con-

737 3539 1070 3604 cinnitatis
1113 3560 1310 3609 causa
1353 3545 1555 3621 extat,
1597 3544 1725 3607 nisi
1752 3550 2014 3627 poetam
2044 3544 2125 3608 de
2157 3543 2443 3608 harenae
2475 3543 2695 3626 granis
2726 3541 3110 3625 cogitavisse

739 3641 860 3705 tibi
919 3642 1294 3725 persuades.
1352 3643 1534 3709 Idem
1589 3645 1933 3712 dicendum
1994 3652 2095 3713 est
2148 3646 2229 3711 de
2279 3647 2329 3711 V
2380 3651 2435 3725 1,
2480 3651 2559 3711 31
2608 3649 2789 3728 ‘quot
2842 3644 3111 3709 frutices

727 3744 944 3825 silvae,
990 3753 1152 3829 quot
1193 3746 1395 3813 flavas
1426 3747 1705 3833 Thybris
1750 3750 2052 3829 harenas,
2093 3749 2319 3816 Mollia
2361 3755 2521 3832 quot
2550 3748 2781 3813 Martis
2816 3748 3113 3830 gramina

727 3870 993 3933 campus
1023 3848 1263 3915 habet’.
1309 3852 1502 3917 Trist.
1536 3853 1589 3917 V
1625 3860 1683 3932 5,
1718 3857 1799 3921 57
1838 3855 2091 3919 ‘Iliacas
2120 3854 2567 3937 tangat'prior
2594 3852 2761 3917 alter
2790 3850 3109 3927 harenas’,

725 3972 951 4017 versus
1011 3956 1339 4037 sequentis
1395 3957 1677 4039 primum
1741 3979 1976 4023 nomen
2032 3980 2072 4022 a
2132 3958 2515 4023 consonanti
2578 3956 2823 4039 incipit.
2896 3954 3111 4033 Quare

725 4055 892 4140 plur.
938 4056 999 4120 h.
1030 4057 1071 4121 l.
1117 4058 1296 4123 nulla
1343 4067 1615 4142 cogente
1661 4082 1860 4126 causa
1907 4061 2233 4129 exhibitus
2278 4061 2537 4127 videtur
2583 4081 2743 4124 esse.
2812 4058 2917 4123 Tr.
2963 4058 3021 4123 V
3053 4063 3109 4137 6,

725 4164 807 4223 43
854 4161 937 4224 ‘in
979 4160 1137 4226 litus
1179 4161 1459 4229 harenas
1505 4165 1578 4229 In
1625 4170 1913 4248 segetem
1956 4167 2188 4249 spicas,
2252 4168 2318 4231 in
2363 4184 2544 4229 mare
2587 4162 2823 4229 fundat
2866 4162 3111 4245 aquas',

725 4263 997 4346 pluralis
1046 4271 1113 4330 et
1156 4268 1608 4333 concinnitatis
1655 4273 1721 4333 et
1778 4270 2093 4352 imprimis
2156 4270 2445 4335 elisionis
2504 4267 2846 4332 evitandae
2891 4286 3109 4349 causa.

729 4367 1003 4432 Dativus
1049 4374 1115 4433 et
1159 4368 1359 4434 ablat.
1404 4371 1603 4454 plur.:
1650 4373 1836 4454 epist.
1884 4372 2101 4438 XVIII
2144 4378 2264 4439 201
2314 4370 2831 4459 ‘bibulisvinlisit
2873 4369 3113 4434 flue-tus

729 4470 1272 4556 harenisk‘Unda'
1338 4480 1404 4538 et
1449 4475 1528 4537 ad
1590 4475 1922 4540 elisionem
1968 4482 2034 4539 et
2089 4476 2339 4542 hiatum
2385 4478 2661 4541 evitand.
2730 4479 2864 4540 Art.
2909 4474 2938 4539 I
2986 4477 3111 4539 527
