3325 5359
1696 348 2127 408 -10-

721 516 1131 582 auctoritatis
1160 537 1287 582 non
1319 522 1418 583 est
1449 516 1917 599 denegandum,
1962 516 2227 582 uberius
2258 537 2529 600 agamus
2556 518 2625 600 1).
2702 517 3101 584 Creticorum

721 621 1006 687 elisionis
1073 621 1436 706 exemplum
1503 642 1629 686 non
1702 620 2027 687 invenitur
2088 620 2157 684 in
2226 621 2412 687 Ennii
2477 621 2909 704 hexametris;
2986 622 3100 689 sed

723 724 1025 803 Lucilius,
1057 724 1348 790 Catullus
1372 724 1425 809 2)
1447 764 1531 773 -
1564 730 1826 809 praeter
1861 725 2276 790 hexametros
2308 726 2651 792 continuos
2686 764 2759 773 —
2788 727 3101 792 Horatius

719 830 786 893 in
831 831 1090 908 saturis,
1154 834 1384 895 auctor
1428 829 1688 913 Priapei
1736 830 1865 913 (85,
1915 829 1977 915 7)
2026 829 2295 895 eandem
2358 830 2759 895 admiserunt-
2805 868 2883 878 —
2928 831 3131 913 quod·

721 933 1034 998 Horatius
1065 941 1133 997 et
1163 938 1394 998 auctor
1423 933 1685 1017 Priapei
1730 933 1855 998 hoc
1885 933 2200 1012 fecerunt,
2246 935 2314 997 in
2360 932 2779 1000 offensionem
2810 941 3099 1000 nostram

721 1058 848 1101 non
897 1038 1090 1115 cadit,
1139 1059 1282 1101 cum
1326 1036 1420 1100 illi
1469 1038 1665 1103 etiam
1714 1037 1867 1117 alia,
1913 1058 2081 1120 quae
2115 1038 2359 1122 optimo
2392 1038 2626 1121 cuique
2671 1045 2906 1123 poetae
2952 1059 3101 1104 con-

723 1161 906 1205 cessa
947 1161 1073 1205 non
1122 1147 1289 1220 sunt,
1350 1142 1473 1206 sibi
1529 1141 1962 1225 permiserint.
2010 1179 2097 1189 --
2138 1141 2345 1224 Igitur
2392 1162 2537 1206 cum
2583 1148 2835 1207 veteres
2892 1143 3103 1207 minus

719 1244 994 1309 fuissent
1035 1245 1210 1309 anxii
1256 1267 1336 1311 ne
1383 1246 1667 1310 vitarent
1705 1245 2003 1310 elisiones
2049 1245 2234 1324 tales,
2280 1243 2653 1324 effecerunt,
2721 1252 2797 1311 ut
2838 1251 3103 1329 praeter

722 1348 885 1413 alias
942 1348 1188 1415 formas
1244 1370 1664 1433 permagnum
1716 1370 1973 1432 quoque
2033 1355 2413 1414 neutrorum
2461 1350 2720 1415 illorum
2764 1370 3100 1415 numerum

725 1474 759 1517 e
802 1473 1096 1518 sermone
1155 1453 1412 1519 excludi
1469 1475 1631 1537 opus
1691 1475 1819 1518 non
1876 1459 2064 1518 esset.
2157 1453 2285 1519 Sed
2334 1453 2485 1519 inde
2533 1475 2572 1519 a
2618 1454 2835 1520 Sullae
2882 1459 3099 1518 aetate

722 1562 956 1641 poetae
1001 1557 1445 1623 abhorrebant
1490 1557 1573 1623 ab
1621 1557 1998 1623 elisionibus
2044 1558 2183 1623 eius
2229 1557 2423 1622 modi.
2514 1558 2671 1623 Cum
2704 1558 2771 1622 L.
2804 1556 3101 1623 Muelleri

723 1661 1206 1727 observationes
1264 1683 1431 1745 quae
1476 1661 1561 1727 ad
1606 1661 1776 1725 hanc
1836 1682 1975 1726 rem
2033 1662 2382 1745 pertinent,
2440 1661 2872 1745 comprobem,
2930 1659 3103 1725 illius

723 1764 924 1830 verba
943 1765 1177 1830 afferre
1207 1765 1404 1830 liceat
1428 1768 1514 1849 (p.
1534 1768 1715 1849 347):
1749 1763 1979 1847 ‘igitur
2004 1765 2325 1850 dactylica
2355 1763 2578 1848 qualia
2608 1762 3102 1842 sunt‘arduum,

724 1868 1409 1952 militum,plurimum’
1435 1869 1793 1933 timuerunt
1822 1890 1966 1933 cum
2000 1867 2333 1933 vocalibus
2364 1868 2767 1933 committere
2792 1867 3104 1946 Tibullus,

724 1972 1038 2051 GrattiuS,
1071 1972 1440 2051 Columella,
1466 1972 1788 2037 Homerus
1820 1974 2113 2051 Latinus,
2150 1973 2501 2055 scriptores
2528 1974 2775 2037 Aetnae
2810 1978 2875 2037 et
2904 1971 3103 2037 Nucis

723 2082 789 2141 et
819 2076 1171 2159 elegiarum
1203 2076 1282 2141 de
1315 2076 1711 2155 Maecenate,
1760 2083 2061 2142 auctores
2095 2077 2518 2160 Priapeorum
2552 2126 2565 2139 .
2587 2126 2602 2141 .
2633 2126 2646 2139 .
2694 2076 2987 2159 adeoque
3021 2075 3103 2140 ab

728 2182 1003 2264 Augusti
1061 2186 1235 2246 certe
1295 2186 1515 2246 aetate
1557 2180 1659 2246 vel
1718 2180 2090 2246 durioribus
2140 2182 2239 2245 usi
2293 2178 2571 2245 modulis
2616 2181 2946 2245 rarissime
2992 2179 3106 2244 ad-

723 2284 1038 2349 miserunt
1097 2283 1446 2364 elisionem,
1507 2283 1586 2349 de
1633 2305 1765 2367 qua
1810 2285 2045 2367 agitur,
2106 2306 2227 2349 nec
2285 2284 2422 2350 fere
2483 2291 2669 2349 extra
2714 2284 2991 2369 primum
3041 2289 3107 2349 et

723 2388 1019 2471 quintum
1077 2387 1325 2470 pedem.
1429 2388 1659 2471 Itaque
1720 2393 1822 2452 ter
1886 2388 2178 2453 eademst
2236 2410 2392 2453 usus
2438 2388 2730 2454 Catullus
2792 2388 2859 2451 in
2902 2388 3103 2453 hexa-

720 2492 943 2556 metris
991 2491 1310 2556 continuis
1342 2493 1470 2575 (64,
1503 2496 1646 2555 211.
1685 2496 1824 2557 359.
1862 2492 2014 2577 366)
2061 2489 2401 2575 ‘sospitem
2433 2492 2901 2557 Erechtheum’
2932 2488 3105 2556 ‘cor-

723 2616 953 2679 porum
1003 2594 1268 2660 acervis'
1326 2593 1610 2678 ‘copiam
1658 2595 1969 2670 Achivis’,
2036 2594 2135 2660 bis
2182 2595 2448 2661 Ovidius
2495 2598 2645 2681 (am.
2692 2596 2787 2660 III
2840 2600 2896 2675 6,
2949 2599 3104 2675 1013

723 2705 872 2763 met.
900 2699 988 2764 VI
1014 2700 1164 2781 524)
1185 2696 1548 2763 ‘fluminum
1589 2699 1872 2763 amores'
1909 2697 2252 2782 ‘virginem
2278 2705 2343 2764 et
2368 2699 2611 2779 unam’‚
2656 2699 2759 2764 bis
2784 2697 3105 2764 Iuvenalis

725 2805 973 2885 (6,151.
1031 2803 1266 2887 14‚73)‚
1313 2803 1513 2867 semel
1544 2802 1845 2867 Lucanus
1891 2802 2197 2887 (l,231)’.
2254 2802 2503 2882 Quibus
2550 2803 2835 2867 elisionis
2865 2804 3106 2867 vetitae

722 2905 976 2988 legibus
1022 2905 1263 2970 factum
1317 2911 1433 2986 est,
1495 2911 1570 2970 ut
1611 2927 1743 2971 una
1788 2912 2042 2971 tantum
2096 2912 2476 2971 neutrorum
2522 2906 2731 2971 forma
2778 2905 2865 2971 ad
2908 2905 3107 2971 hexa-

721 3016 998 3075 metrum
1027 3015 1094 3074 et
1124 3015 1602 3093 pentametrum
1635 3009 2012 3093 quadraret,
2059 3010 2362 3075 nimirum
2395 3010 2605 3074 forma
2625 3011 2690 3073 in
2721 3031 2760 3073 a
2785 3009 3103 3074 desinens

725 3114 1086 3196 Singularis
1117 3114 1283 3177 enim
1316 3119 1492 3178 totus
1525 3114 1608 3179 ab
1639 3114 1903 3178 heroico
1935 3135 2125 3178 versu
2159 3113 2461 3178 exclusus
2494 3118 2609 3193 est,
2646 3114 2698 3177 si
2733 3114 3101 3196 genetivum

725 3218 980 3283 silentio
1025 3218 1329 3300 neglegiS,
1379 3238 1566 3300 quem
1599 3223 1835 3301 poetae
1880 3222 2087 3282 metro
2136 3218 2421 3281 inserere
2462 3238 2589 3280 non
2634 3222 2941 3299 poterant
2984 3217 3110 3282 nisi

726 3328 1130 3386 contractum
1151 3320 1223 3403 3).
1289 3321 1458 3405 Ergo
1508 3342 1653 3385 cum
1715 3322 1926 3405 poetis
1984 3320 2268 3384 omnium
2327 3318 2583 3383 illarum
2632 3341 2859 3385 vocum
2912 3342 3109 3386 unam

721 3430 975 3489 tantum
1037 3424 1312 3489 formam
1376 3429 1581 3488 metro
1645 3423 1965 3507 dactylico
2032 3424 2380 3487 immittere
2443 3423 2687 3503 liceret,
2747 3425 2894 3488 miri
2946 3424 3110 3488 nihil

724 3528 1024 3613 praebet,
1093 3529 1147 3593 si
1215 3528 1685 3612 pluraliter
1757 3527 2222 3592 utebantur
2295 3526 2424 3590 illis
2491 3526 2859 3593 nominibus
2932 3549 3109 3593 cum

727 3632 1192 3716 singularis
1251 3632 1598 3696 notione
1642 3668 1729 3679 -
1772 3632 1909 3695 sine
1954 3630 2128 3694 omni
2174 3652 2397 3695 sensus
2452 3628 2837 3695 discrimine.
2928 3633 3109 3712 Quae

727 3758 869 3801 cum
928 3737 1025 3800 ita
1085 3756 1153 3800 se
1211 3734 1523 3813 habeant,
1605 3740 1782 3799 recte
1847 3756 1991 3799 cum
2052 3734 2303 3799 Maasio
2368 3734 2857 3817 concludemus,
2924 3736 2979 3801 si
3040 3736 3108 3801 in

727 3837 1059 3904 vocabulis
1118 3839 1401 3903 omnium
1461 3858 1769 3921 generum
1822 3876 1898 3884 —
1944 3838 2247 3903 videlicet
2304 3838 2369 3902 in
2432 3837 2781 3904 abstractis
2833 3846 2899 3904 et
2959 3861 3109 3905 con-

728 3943 923 4008 cretis
967 3941 1234 4007 vocibus
1281 3940 1517 4024 quibus
1561 3942 1743 4025 regio
1791 3941 2195 4025 significatur
2239 3942 2340 4006 vel
2384 3943 2675 4025 corporis
2717 3963 2872 4026 pars
2914 3981 2999 3991 —
3039 3943 3107 4007 id

729 4046 1144 4112 statuendum
1170 4045 1270 4123 sit,
1308 4044 1387 4109 de
1413 4045 1810 4127 reliquorum
1842 4044 2192 4129 pluralium
2224 4051 2459 4109 natura
2489 4045 2660 4110 idem
2690 4045 3110 4110 iudicandum

729 4171 900 4215 esse:
948 4148 1437 4231 significationis
1471 4148 1814 4212 discrimen
1849 4149 2022 4212 inter
2065 4169 2366 4213 numeros
2398 4148 2802 4213 intercedere
2842 4149 3108 4217 nullum.

903 4306 950 4371 1)
988 4304 1052 4356 L.
1075 4302 1330 4379 Mueller,
1368 4304 1436 4357 de
1461 4320 1520 4358 re
1545 4308 1707 4358 metr.
1728 4306 1748 4339 ²
1783 4322 1837 4373 p.
1866 4304 1985 4357 342.
2021 4306 2139 4357 343.
2176 4306 2303 4371 3473
2339 4303 2398 4357 Ρ.
2424 4302 2584 4357 Maas
2618 4304 2652 4356 l.
2681 4320 2727 4356 c.
2754 4322 2791 4372 p
2830 4306 2951 4356 488.
2989 4306 3108 4357 508.

899 4392 954 4457 2)
999 4388 1164 4443 Velut
1196 4391 1281 4456 91,
1322 4392 1355 4442 9
1395 4389 1532 4459 legis
1565 4385 1873 4459 ‘gaudium’
1912 4390 1994 4443 ita
2027 4392 2091 4443 ut
2124 4390 2439 4443 terminatio
2478 4393 2605 4442 ante
2639 4387 3111 4456 praepositionem

730 4471 831 4531 ‘in’
870 4475 1004 4529 elisa
1039 4476 1125 4528 sit.

904 4563 959 4632 3)
993 4560 1153 4617 Maus
1186 4563 1424 4630 4090qq.
