<?xml version="1.0" encoding="UTF-8"?>
<!DOCTYPE html PUBLIC "-//W3C//DTD XHTML 1.0 Transitional//EN"
    "http://www.w3.org/TR/xhtml1/DTD/xhtml1-transitional.dtd">
<html xmlns="http://www.w3.org/1999/xhtml" xml:lang="en" lang="en">
 <head>
  <title>
</title>
<meta http-equiv="Content-Type" content="text/html;charset=utf-8" />
  <meta name='ocr-system' content='tesseract 3.04.00' />
  <meta name='ocr-capabilities' content='ocr_page ocr_carea ocr_par ocr_line ocrx_word'/>
</head>
<body>
  <div class='ocr_page' id='page_1' title='image "./deromanorumplur00schigoog_0053.png"; bbox 0 0 3325 5359; ppageno 0'>
   <div class='ocr_carea' id='block_1_1' title="bbox 243 538 2701 4558">
    <p class='ocr_par' dir='ltr' id='par_1_1' title="bbox 243 538 2701 4558">
     <span class='ocr_line' id='line_1_1' title="bbox 250 538 2641 624; baseline -0 -18"><span class='ocrx_word' id='word_1_1' title='bbox 250 542 409 607; x_wconf 88' lang='lat' dir='ltr'><strong>Visa</strong></span> <span class='ocrx_word' id='word_1_2' title='bbox 442 545 696 624; x_wconf 89' lang='lat' dir='ltr'><strong>potens,</strong></span> <span class='ocrx_word' id='word_1_3' title='bbox 743 538 982 623; x_wconf 85' lang='lat' dir='ltr'><strong>superi,</strong></span> <span class='ocrx_word' id='word_1_4' title='bbox 1023 538 1291 622; x_wconf 89' lang='lat' dir='ltr'><strong>propria</strong></span> <span class='ocrx_word' id='word_1_5' title='bbox 1320 538 1485 604; x_wconf 89' lang='lat' dir='ltr'><strong>haec</strong></span> <span class='ocrx_word' id='word_1_6' title='bbox 1507 539 1564 603; x_wconf 90' lang='lat' dir='ltr'><strong>si</strong></span> <span class='ocrx_word' id='word_1_7' title='bbox 1610 539 1823 605; x_wconf 90' lang='lat' dir='ltr'><strong>dona</strong></span> <span class='ocrx_word' id='word_1_8' title='bbox 1865 538 2177 619; x_wconf 87' lang='lat' dir='ltr'><strong>fuissent’,</strong></span> <span class='ocrx_word' id='word_1_9' title='bbox 2206 540 2248 603; x_wconf 90' lang='lat' dir='ltr'><strong>i.</strong></span> <span class='ocrx_word' id='word_1_10' title='bbox 2264 540 2337 605; x_wconf 93' lang='lat' dir='ltr'><strong>V.</strong></span> <span class='ocrx_word' id='word_1_11' title='bbox 2357 561 2439 624; x_wconf 93' lang='lat' dir='ltr'><strong>p.,</strong></span> <span class='ocrx_word' id='word_1_12' title='bbox 2471 560 2641 623; x_wconf 86' lang='lat' dir='ltr'><strong>quae</strong></span> 
     </span>
     <span class='ocr_line' id='line_1_2' title="bbox 252 642 2642 710; baseline -0.001 0"><span class='ocrx_word' id='word_1_13' title='bbox 252 645 458 710; x_wconf 81' lang='lat' dir='ltr'><strong>verba</strong></span> <span class='ocrx_word' id='word_1_14' title='bbox 490 644 573 709; x_wconf 84' lang='lat' dir='ltr'><strong>ad</strong></span> <span class='ocrx_word' id='word_1_15' title='bbox 609 642 988 709; x_wconf 86' lang='lat' dir='ltr'><strong>Marcellum</strong></span> <span class='ocrx_word' id='word_1_16' title='bbox 1035 642 1162 706; x_wconf 87' lang='lat' dir='ltr'><strong>iam</strong></span> <span class='ocrx_word' id='word_1_17' title='bbox 1211 642 1689 708; x_wconf 79' lang='lat' dir='ltr'><strong>adulescentem</strong></span> <span class='ocrx_word' id='word_1_18' title='bbox 1736 648 2061 707; x_wconf 88' lang='lat' dir='ltr'><strong>mortuum</strong></span> <span class='ocrx_word' id='word_1_19' title='bbox 2107 643 2427 707; x_wconf 90' lang='lat' dir='ltr'><strong>trahenda</strong></span> <span class='ocrx_word' id='word_1_20' title='bbox 2470 649 2642 709; x_wconf 88' lang='lat' dir='ltr'><strong>sunt.</strong></span> 
     </span>
     <span class='ocr_line' id='line_1_3' title="bbox 252 744 2643 832; baseline -0.001 -18"><span class='ocrx_word' id='word_1_21' title='bbox 252 748 404 815; x_wconf 84' lang='lat' dir='ltr'>VIII</span> <span class='ocrx_word' id='word_1_22' title='bbox 441 753 562 813; x_wconf 89' lang='grc'><strong>729</strong></span> <span class='ocrx_word' id='word_1_23' title='bbox 598 746 748 832; x_wconf 89' lang='lat' dir='ltr'><strong>‘clip</strong></span> <span class='ocrx_word' id='word_1_24' title='bbox 768 767 941 811; x_wconf 90' lang='lat' dir='ltr'><strong>eum</strong></span> <span class='ocrx_word' id='word_1_25' title='bbox 974 744 1265 826; x_wconf 81' lang='lat' dir='ltr'><strong>Volcani,</strong></span> <span class='ocrx_word' id='word_1_26' title='bbox 1311 746 1527 812; x_wconf 89' lang='lat' dir='ltr'><strong>dona</strong></span> <span class='ocrx_word' id='word_1_27' title='bbox 1569 745 1880 830; x_wconf 86' lang='lat' dir='ltr'><strong>parentis’</strong></span> <span class='ocrx_word' id='word_1_28' title='bbox 1911 747 1950 811; x_wconf 91' lang='lat' dir='ltr'><strong>i.</strong></span> <span class='ocrx_word' id='word_1_29' title='bbox 1979 746 2049 810; x_wconf 89' lang='lat' dir='ltr'><strong>V.</strong></span> <span class='ocrx_word' id='word_1_30' title='bbox 2074 767 2135 829; x_wconf 91' lang='lat' dir='ltr'><strong>p.</strong></span> <span class='ocrx_word' id='word_1_31' title='bbox 2209 745 2302 811; x_wconf 92' lang='lat' dir='ltr'><strong>IX</strong></span> <span class='ocrx_word' id='word_1_32' title='bbox 2334 751 2449 812; x_wconf 81' lang='lat'><strong>361</strong></span> <span class='ocrx_word' id='word_1_33' title='bbox 2489 748 2643 812; x_wconf 89' lang='lat' dir='ltr'><strong>‘cin-</strong></span> 
     </span>
     <span class='ocr_line' id='line_1_4' title="bbox 253 848 2644 935; baseline -0.001 -18"><span class='ocrx_word' id='word_1_34' title='bbox 253 851 408 935; x_wconf 81' lang='lat' dir='ltr'><strong>gula</strong></span> <span class='ocrx_word' id='word_1_35' title='bbox 452 901 514 915; x_wconf 93' lang='lat'><strong>..</strong></span> <span class='ocrx_word' id='word_1_36' title='bbox 577 870 744 934; x_wconf 88' lang='lat' dir='ltr'><strong>quae</strong></span> <span class='ocrx_word' id='word_1_37' title='bbox 806 849 1014 915; x_wconf 75' lang='lat' dir='ltr'><strong>mittit·</strong></span> <span class='ocrx_word' id='word_1_38' title='bbox 1064 848 1235 914; x_wconf 88' lang='lat' dir='ltr'><strong>dona</strong></span> <span class='ocrx_word' id='word_1_39' title='bbox 1291 848 1613 934; x_wconf 88' lang='lat' dir='ltr'><strong>hospitio’.</strong></span> <span class='ocrx_word' id='word_1_40' title='bbox 1725 849 1786 915; x_wconf 90' lang='lat' dir='ltr'>X</span> <span class='ocrx_word' id='word_1_41' title='bbox 1844 853 1967 916; x_wconf 85' lang='lat'><strong>882</strong></span> <span class='ocrx_word' id='word_1_42' title='bbox 2028 849 2231 914; x_wconf 82' lang='lat' dir='ltr'><strong>‘venio</strong></span> <span class='ocrx_word' id='word_1_43' title='bbox 2288 850 2644 915; x_wconf 90' lang='lat' dir='ltr'><strong>moriturus</strong></span> 
     </span>
     <span class='ocr_line' id='line_1_5' title="bbox 251 953 2643 1038; baseline -0.001 -18"><span class='ocrx_word' id='word_1_44' title='bbox 251 964 322 1021; x_wconf 88' lang='lat' dir='ltr'><strong>et</strong></span> <span class='ocrx_word' id='word_1_45' title='bbox 380 956 482 1020; x_wconf 89' lang='lat' dir='ltr'><strong>ha</strong></span> <span class='ocrx_word' id='word_1_46' title='bbox 507 975 596 1019; x_wconf 88' lang='lat' dir='ltr'><strong>ec</strong></span> <span class='ocrx_word' id='word_1_47' title='bbox 653 954 772 1017; x_wconf 87' lang='lat' dir='ltr'><strong>tibi</strong></span> <span class='ocrx_word' id='word_1_48' title='bbox 831 958 1024 1038; x_wconf 85' lang='lat' dir='ltr'><strong>porto</strong></span> <span class='ocrx_word' id='word_1_49' title='bbox 1071 953 1302 1017; x_wconf 89' lang='lat' dir='ltr'><strong>Dona</strong></span> <span class='ocrx_word' id='word_1_50' title='bbox 1344 954 1545 1037; x_wconf 92' lang='lat' dir='ltr'><strong>prius,</strong></span> <span class='ocrx_word' id='word_1_51' title='bbox 1606 953 1773 1019; x_wconf 80' lang='lat' dir='ltr'><strong>dixit</strong></span> <span class='ocrx_word' id='word_1_52' title='bbox 1816 954 2214 1038; x_wconf 89' lang='lat' dir='ltr'><strong>telumque</strong></span> <span class='ocrx_word' id='word_1_53' title='bbox 2270 953 2533 1018; x_wconf 77' lang='lat' dir='ltr'><strong>intorsit</strong></span> <span class='ocrx_word' id='word_1_54' title='bbox 2574 954 2643 1018; x_wconf 92' lang='lat' dir='ltr'><strong>in</strong></span> 
     </span>
     <span class='ocr_line' id='line_1_6' title="bbox 249 1056 2641 1141; baseline 0 -18"><span class='ocrx_word' id='word_1_55' title='bbox 249 1058 544 1127; x_wconf 73' lang='lat' dir='ltr'><strong>hostem&#39;.</strong></span> <span class='ocrx_word' id='word_1_56' title='bbox 634 1056 988 1122; x_wconf 87' lang='lat' dir='ltr'><strong>Ovidius</strong></span> <span class='ocrx_word' id='word_1_57' title='bbox 1031 1077 1154 1121; x_wconf 88' lang='lat' dir='ltr'><strong>am.</strong></span> <span class='ocrx_word' id='word_1_58' title='bbox 1201 1056 1264 1121; x_wconf 93' lang='lat'><strong>11</strong></span> <span class='ocrx_word' id='word_1_59' title='bbox 1314 1062 1410 1137; x_wconf 87' lang='lat'><strong>15,</strong></span> <span class='ocrx_word' id='word_1_60' title='bbox 1441 1062 1482 1123; x_wconf 89' lang='lat'>8</span> <span class='ocrx_word' id='word_1_61' title='bbox 1527 1056 1802 1123; x_wconf 81' lang='lat' dir='ltr'><strong>‘invideo</strong></span> <span class='ocrx_word' id='word_1_62' title='bbox 1846 1056 2217 1141; x_wconf 42' lang='lat' dir='ltr'><strong>donisviam</strong></span> <span class='ocrx_word' id='word_1_63' title='bbox 2261 1057 2457 1123; x_wconf 89' lang='lat' dir='ltr'><strong>miser</strong></span> <span class='ocrx_word' id='word_1_64' title='bbox 2498 1057 2641 1141; x_wconf 89' lang='lat' dir='ltr'><strong>ipse</strong></span> 
     </span>
     <span class='ocr_line' id='line_1_7' title="bbox 243 1159 2645 1249; baseline 0 -22"><span class='ocrx_word' id='word_1_65' title='bbox 243 1162 434 1229; x_wconf 76' lang='lat' dir='ltr'><strong>meis‘</strong></span> <span class='ocrx_word' id='word_1_66' title='bbox 475 1162 568 1227; x_wconf 74' lang='lat' dir='ltr'><strong>ad</strong></span> <span class='ocrx_word' id='word_1_67' title='bbox 591 1160 1054 1249; x_wconf 76' lang='lat' dir='ltr'><strong>synaloepham</strong></span> <span class='ocrx_word' id='word_1_68' title='bbox 1100 1159 1500 1242; x_wconf 83' lang='lat' dir='ltr'><strong>evitandam3</strong></span> <span class='ocrx_word' id='word_1_69' title='bbox 1547 1160 1735 1226; x_wconf 88' lang='lat' dir='ltr'><strong>donis</strong></span> <span class='ocrx_word' id='word_1_70' title='bbox 1779 1160 1819 1225; x_wconf 93' lang='lat' dir='ltr'><strong>i.</strong></span> <span class='ocrx_word' id='word_1_71' title='bbox 1861 1181 1897 1227; x_wconf 90' lang='lat' dir='ltr'><strong>e</strong></span> <span class='ocrx_word' id='word_1_72' title='bbox 1945 1161 2158 1241; x_wconf 89' lang='lat' dir='ltr'><strong>anulo,</strong></span> <span class='ocrx_word' id='word_1_73' title='bbox 2205 1182 2397 1244; x_wconf 87' lang='lat' dir='ltr'><strong>quem</strong></span> <span class='ocrx_word' id='word_1_74' title='bbox 2445 1168 2645 1246; x_wconf 84' lang='lat' dir='ltr'><strong>poeta</strong></span> 
     </span>
     <span class='ocr_line' id='line_1_8' title="bbox 249 1262 2647 1350; baseline -0.001 -18"><span class='ocrx_word' id='word_1_75' title='bbox 249 1265 512 1350; x_wconf 88' lang='lat' dir='ltr'><strong>puellae</strong></span> <span class='ocrx_word' id='word_1_76' title='bbox 557 1270 816 1331; x_wconf 89' lang='lat' dir='ltr'><strong>amatae</strong></span> <span class='ocrx_word' id='word_1_77' title='bbox 861 1262 1154 1329; x_wconf 83' lang='lat' dir='ltr'><strong>dederat.</strong></span> <span class='ocrx_word' id='word_1_78' title='bbox 1239 1264 1445 1350; x_wconf 81' lang='lat' dir='ltr'><strong>Epist.</strong></span> <span class='ocrx_word' id='word_1_79' title='bbox 1478 1264 1571 1330; x_wconf 90' lang='lat' dir='ltr'><strong>XI</strong></span> <span class='ocrx_word' id='word_1_80' title='bbox 1603 1272 1685 1332; x_wconf 89' lang='grc'><strong>98</strong></span> <span class='ocrx_word' id='word_1_81' title='bbox 1718 1263 2111 1348; x_wconf 79' lang='lat' dir='ltr'><strong>‘pectoribus</strong></span> <span class='ocrx_word' id='word_1_82' title='bbox 2156 1264 2429 1330; x_wconf 87' lang='lat' dir='ltr'><strong>condam</strong></span> <span class='ocrx_word' id='word_1_83' title='bbox 2474 1264 2647 1330; x_wconf 88' lang='lat' dir='ltr'><strong>dona</strong></span> 
     </span>
     <span class='ocr_line' id='line_1_9' title="bbox 249 1368 2647 1455; baseline -0.002 -18"><span class='ocrx_word' id='word_1_84' title='bbox 249 1375 532 1455; x_wconf 84' lang='lat' dir='ltr'><strong>paterna</strong></span> <span class='ocrx_word' id='word_1_85' title='bbox 585 1368 782 1449; x_wconf 87' lang='lat' dir='ltr'><strong>meis&#39;,</strong></span> <span class='ocrx_word' id='word_1_86' title='bbox 839 1369 880 1433; x_wconf 90' lang='lat' dir='ltr'><strong>i.</strong></span> <span class='ocrx_word' id='word_1_87' title='bbox 929 1368 1001 1432; x_wconf 82' lang='lat' dir='ltr'><strong>V.</strong></span> <span class='ocrx_word' id='word_1_88' title='bbox 1045 1390 1128 1452; x_wconf 92' lang='lat' dir='ltr'><strong>p.,</strong></span> <span class='ocrx_word' id='word_1_89' title='bbox 1175 1368 1346 1434; x_wconf 86' lang='lat' dir='ltr'><strong>dona</strong></span> <span class='ocrx_word' id='word_1_90' title='bbox 1404 1370 1444 1433; x_wconf 93' lang='lat' dir='ltr'><strong>i.</strong></span> <span class='ocrx_word' id='word_1_91' title='bbox 1492 1390 1546 1434; x_wconf 86' lang='grc'><strong>8.</strong></span> <span class='ocrx_word' id='word_1_92' title='bbox 1593 1368 1795 1448; x_wconf 89' lang='lat' dir='ltr'><strong>ensis,</strong></span> <span class='ocrx_word' id='word_1_93' title='bbox 1856 1389 2045 1451; x_wconf 87' lang='lat' dir='ltr'><strong>quem</strong></span> <span class='ocrx_word' id='word_1_94' title='bbox 2102 1373 2293 1452; x_wconf 89' lang='lat' dir='ltr'><strong>pater</strong></span> <span class='ocrx_word' id='word_1_95' title='bbox 2349 1368 2647 1434; x_wconf 87' lang='lat' dir='ltr'><strong>Canacae</strong></span> 
     </span>
     <span class='ocr_line' id='line_1_10' title="bbox 250 1470 2646 1555; baseline -0.001 -16"><span class='ocrx_word' id='word_1_96' title='bbox 250 1474 450 1539; x_wconf 86' lang='lat' dir='ltr'><strong>misit.</strong></span> <span class='ocrx_word' id='word_1_97' title='bbox 537 1473 657 1538; x_wconf 88' lang='lat' dir='ltr'><strong>XV</strong></span> <span class='ocrx_word' id='word_1_98' title='bbox 703 1478 782 1537; x_wconf 84' lang='lat'><strong>87</strong></span> <span class='ocrx_word' id='word_1_99' title='bbox 848 1478 948 1536; x_wconf 79' lang='lat' dir='ltr'><strong>‘ex</strong></span> <span class='ocrx_word' id='word_1_100' title='bbox 1008 1492 1218 1554; x_wconf 88' lang='lat' dir='ltr'><strong>aequo</strong></span> <span class='ocrx_word' id='word_1_101' title='bbox 1265 1471 1450 1537; x_wconf 84' lang='lat' dir='ltr'><strong>donis</strong></span> <span class='ocrx_word' id='word_1_102' title='bbox 1509 1472 1851 1555; x_wconf 86' lang='lat' dir='ltr'><strong>formaque</strong></span> <span class='ocrx_word' id='word_1_103' title='bbox 1906 1470 2271 1555; x_wconf 88' lang='lat' dir='ltr'><strong>probabat&#39;,</strong></span> <span class='ocrx_word' id='word_1_104' title='bbox 2332 1493 2419 1537; x_wconf 88' lang='lat' dir='ltr'><strong>sc.</strong></span> <span class='ocrx_word' id='word_1_105' title='bbox 2460 1471 2646 1537; x_wconf 89' lang='lat' dir='ltr'><strong>Paris</strong></span> 
     </span>
     <span class='ocr_line' id='line_1_11' title="bbox 249 1575 2647 1660; baseline -0.001 -17"><span class='ocrx_word' id='word_1_106' title='bbox 249 1578 590 1657; x_wconf 88' lang='lat' dir='ltr'><strong>Venerem,</strong></span> <span class='ocrx_word' id='word_1_107' title='bbox 633 1595 804 1659; x_wconf 88' lang='lat' dir='ltr'><strong>quae</strong></span> <span class='ocrx_word' id='word_1_108' title='bbox 841 1575 900 1640; x_wconf 88' lang='lat' dir='ltr'><strong>ei</strong></span> <span class='ocrx_word' id='word_1_109' title='bbox 943 1575 1448 1659; x_wconf 83' lang='lat' dir='ltr'><strong>pulcherrimam</strong></span> <span class='ocrx_word' id='word_1_110' title='bbox 1489 1577 1826 1642; x_wconf 87' lang='lat' dir='ltr'><strong>mulierem</strong></span> <span class='ocrx_word' id='word_1_111' title='bbox 1866 1576 2277 1660; x_wconf 79' lang='lat' dir='ltr'><strong>promiserat.</strong></span> <span class='ocrx_word' id='word_1_112' title='bbox 2338 1576 2490 1641; x_wconf 88' lang='lat' dir='ltr'><strong>XVI</strong></span> <span class='ocrx_word' id='word_1_113' title='bbox 2524 1580 2647 1641; x_wconf 86' lang='lat'><strong>124</strong></span> 
     </span>
     <span class='ocr_line' id='line_1_12' title="bbox 249 1679 2645 1765; baseline -0 -19"><span class='ocrx_word' id='word_1_114' title='bbox 249 1686 350 1746; x_wconf 86' lang='lat' dir='ltr'><strong>‘ut</strong></span> <span class='ocrx_word' id='word_1_115' title='bbox 392 1701 494 1745; x_wconf 87' lang='lat' dir='ltr'><strong>me</strong></span> <span class='ocrx_word' id='word_1_116' title='bbox 538 1682 656 1765; x_wconf 90' lang='lat' dir='ltr'><strong>(sc.</strong></span> <span class='ocrx_word' id='word_1_117' title='bbox 700 1679 1044 1763; x_wconf 83' lang='lat' dir='ltr'><strong>Helenam)</strong></span> <span class='ocrx_word' id='word_1_118' title='bbox 1106 1680 1390 1745; x_wconf 87' lang='lat' dir='ltr'><strong>maxima</strong></span> <span class='ocrx_word' id='word_1_119' title='bbox 1457 1686 1624 1746; x_wconf 87' lang='lat' dir='ltr'><strong>teste</strong></span> <span class='ocrx_word' id='word_1_120' title='bbox 1694 1680 1820 1745; x_wconf 82' lang='lat' dir='ltr'><strong>dea</strong></span> <span class='ocrx_word' id='word_1_121' title='bbox 1884 1680 2054 1745; x_wconf 89' lang='lat' dir='ltr'><strong>dona</strong></span> <span class='ocrx_word' id='word_1_122' title='bbox 2120 1680 2322 1744; x_wconf 88' lang='lat' dir='ltr'><strong>fuisse</strong></span> <span class='ocrx_word' id='word_1_123' title='bbox 2382 1679 2645 1764; x_wconf 88' lang='lat' dir='ltr'><strong>putem’.</strong></span> 
     </span>
     <span class='ocr_line' id='line_1_13' title="bbox 249 1782 2647 1868; baseline -0.001 -18"><span class='ocrx_word' id='word_1_124' title='bbox 249 1784 412 1850; x_wconf 87' lang='lat' dir='ltr'><strong>Met.</strong></span> <span class='ocrx_word' id='word_1_125' title='bbox 459 1783 614 1848; x_wconf 89' lang='lat' dir='ltr'>XIII</span> <span class='ocrx_word' id='word_1_126' title='bbox 660 1787 784 1848; x_wconf 85' lang='lat'><strong>289</strong></span> <span class='ocrx_word' id='word_1_127' title='bbox 832 1783 912 1848; x_wconf 90' lang='lat' dir='ltr'><strong>de</strong></span> <span class='ocrx_word' id='word_1_128' title='bbox 958 1782 1226 1848; x_wconf 86' lang='lat' dir='ltr'><strong>Achillis</strong></span> <span class='ocrx_word' id='word_1_129' title='bbox 1269 1783 1468 1849; x_wconf 89' lang='lat' dir='ltr'><strong>armis</strong></span> <span class='ocrx_word' id='word_1_130' title='bbox 1512 1784 1781 1868; x_wconf 87' lang='lat' dir='ltr'><strong>proprio</strong></span> <span class='ocrx_word' id='word_1_131' title='bbox 1839 1803 2033 1848; x_wconf 88' lang='lat' dir='ltr'><strong>sensu</strong></span> <span class='ocrx_word' id='word_1_132' title='bbox 2084 1782 2414 1849; x_wconf 89' lang='lat' dir='ltr'><strong>‘caelestia</strong></span> <span class='ocrx_word' id='word_1_133' title='bbox 2457 1782 2647 1848; x_wconf 81' lang='lat' dir='ltr'><strong>dona’</strong></span> 
     </span>
     <span class='ocr_line' id='line_1_14' title="bbox 247 1884 2649 1971; baseline 0 -19"><span class='ocrx_word' id='word_1_134' title='bbox 247 1890 293 1953; x_wconf 92' lang='lat' dir='ltr'><strong>i.</strong></span> <span class='ocrx_word' id='word_1_135' title='bbox 342 1888 416 1953; x_wconf 93' lang='lat' dir='ltr'><strong>V.</strong></span> <span class='ocrx_word' id='word_1_136' title='bbox 463 1909 523 1971; x_wconf 93' lang='lat' dir='ltr'><strong>p.</strong></span> <span class='ocrx_word' id='word_1_137' title='bbox 566 1920 646 1935; x_wconf 83' lang='lat'><strong>——</strong></span> <span class='ocrx_word' id='word_1_138' title='bbox 710 1886 885 1951; x_wconf 87' lang='lat' dir='ltr'><strong>Fast.</strong></span> <span class='ocrx_word' id='word_1_139' title='bbox 926 1886 1019 1952; x_wconf 91' lang='lat'><strong>111</strong></span> <span class='ocrx_word' id='word_1_140' title='bbox 1065 1892 1188 1952; x_wconf 87' lang='lat'><strong>506</strong></span> <span class='ocrx_word' id='word_1_141' title='bbox 1249 1892 1386 1971; x_wconf 92' lang='lat' dir='ltr'><strong>‘pro</strong></span> <span class='ocrx_word' id='word_1_142' title='bbox 1425 1888 1611 1953; x_wconf 89' lang='lat' dir='ltr'><strong>caelo</strong></span> <span class='ocrx_word' id='word_1_143' title='bbox 1672 1887 1893 1971; x_wconf 89' lang='lat' dir='ltr'><strong>qualia</strong></span> <span class='ocrx_word' id='word_1_144' title='bbox 1940 1886 2111 1952; x_wconf 90' lang='lat' dir='ltr'><strong>dona</strong></span> <span class='ocrx_word' id='word_1_145' title='bbox 2162 1884 2303 1951; x_wconf 84' lang='lat' dir='ltr'><strong>fero</strong></span> <span class='ocrx_word' id='word_1_146' title='bbox 2317 1886 2388 1967; x_wconf 87' lang='lat'><strong>‘?’,</strong></span> <span class='ocrx_word' id='word_1_147' title='bbox 2448 1885 2649 1952; x_wconf 78' lang='lat' dir='ltr'><strong>verba</strong></span> 
     </span>
     <span class='ocr_line' id='line_1_15' title="bbox 251 1990 2649 2074; baseline -0 -18"><span class='ocrx_word' id='word_1_148' title='bbox 251 1990 586 2057; x_wconf 85' lang='lat' dir='ltr'><strong>Ariadnae</strong></span> <span class='ocrx_word' id='word_1_149' title='bbox 631 2011 825 2074; x_wconf 87' lang='lat' dir='ltr'><strong>quam</strong></span> <span class='ocrx_word' id='word_1_150' title='bbox 873 1990 1188 2069; x_wconf 88' lang='lat' dir='ltr'><strong>Bacchus,</strong></span> <span class='ocrx_word' id='word_1_151' title='bbox 1251 2012 1645 2074; x_wconf 88' lang='lat' dir='ltr'><strong>quamquam</strong></span> <span class='ocrx_word' id='word_1_152' title='bbox 1710 2012 1779 2057; x_wconf 90' lang='lat' dir='ltr'><strong>se</strong></span> <span class='ocrx_word' id='word_1_153' title='bbox 1826 2012 1968 2056; x_wconf 89' lang='lat' dir='ltr'><strong>eam</strong></span> <span class='ocrx_word' id='word_1_154' title='bbox 2016 2011 2284 2056; x_wconf 86' lang='lat' dir='ltr'><strong>uxorem</strong></span> <span class='ocrx_word' id='word_1_155' title='bbox 2330 1990 2649 2074; x_wconf 84' lang='lat' dir='ltr'><strong>deamque</strong></span> 
     </span>
     <span class='ocr_line' id='line_1_16' title="bbox 250 2093 2650 2179; baseline -0.001 -19"><span class='ocrx_word' id='word_1_156' title='bbox 250 2097 326 2160; x_wconf 92' lang='lat' dir='ltr'><strong>in</strong></span> <span class='ocrx_word' id='word_1_157' title='bbox 372 2094 623 2159; x_wconf 90' lang='lat' dir='ltr'><strong>caelum</strong></span> <span class='ocrx_word' id='word_1_158' title='bbox 654 2093 996 2159; x_wconf 89' lang='lat' dir='ltr'><strong>ducturum</strong></span> <span class='ocrx_word' id='word_1_159' title='bbox 1033 2114 1174 2158; x_wconf 90' lang='lat' dir='ltr'><strong>esse</strong></span> <span class='ocrx_word' id='word_1_160' title='bbox 1207 2095 1616 2176; x_wconf 87' lang='lat' dir='ltr'><strong>promiserat,</strong></span> <span class='ocrx_word' id='word_1_161' title='bbox 1649 2093 1867 2160; x_wconf 81' lang='lat' dir='ltr'><strong>&#39;solam</strong></span> <span class='ocrx_word' id='word_1_162' title='bbox 1904 2094 1971 2159; x_wconf 90' lang='lat' dir='ltr'><strong>in</strong></span> <span class='ocrx_word' id='word_1_163' title='bbox 2015 2094 2229 2160; x_wconf 90' lang='lat' dir='ltr'><strong>insula</strong></span> <span class='ocrx_word' id='word_1_164' title='bbox 2275 2093 2650 2179; x_wconf 86' lang='lat' dir='ltr'><strong>reliquerat.</strong></span> 
     </span>
     <span class='ocr_line' id='line_1_17' title="bbox 253 2196 2652 2281; baseline -0.001 -18"><span class='ocrx_word' id='word_1_165' title='bbox 253 2198 350 2263; x_wconf 93' lang='lat' dir='ltr'><strong>IV</strong></span> <span class='ocrx_word' id='word_1_166' title='bbox 395 2202 520 2263; x_wconf 87' lang='grc'><strong>452</strong></span> <span class='ocrx_word' id='word_1_167' title='bbox 579 2196 1012 2281; x_wconf 87' lang='lat' dir='ltr'><strong>‘Persephone</strong></span> <span class='ocrx_word' id='word_1_168' title='bbox 1051 2246 1064 2260; x_wconf 94' lang='lat'><strong>.</strong></span> <span class='ocrx_word' id='word_1_169' title='bbox 1100 2246 1161 2264; x_wconf 88' lang='lat'><strong>..</strong></span> <span class='ocrx_word' id='word_1_170' title='bbox 1225 2197 1307 2263; x_wconf 86' lang='lat' dir='ltr'><strong>ad</strong></span> <span class='ocrx_word' id='word_1_171' title='bbox 1369 2202 1486 2263; x_wconf 86' lang='lat' dir='ltr'><strong>tua</strong></span> <span class='ocrx_word' id='word_1_172' title='bbox 1547 2198 1719 2263; x_wconf 87' lang='lat' dir='ltr'><strong>dona</strong></span> <span class='ocrx_word' id='word_1_173' title='bbox 1783 2198 1965 2263; x_wconf 85' lang='lat' dir='ltr'><strong>veni’.</strong></span> <span class='ocrx_word' id='word_1_174' title='bbox 2074 2202 2200 2263; x_wconf 80' lang='lat'><strong>558</strong></span> <span class='ocrx_word' id='word_1_175' title='bbox 2244 2196 2455 2262; x_wconf 89' lang='lat' dir='ltr'><strong>‘irrita</strong></span> <span class='ocrx_word' id='word_1_176' title='bbox 2514 2217 2652 2262; x_wconf 87' lang='lat' dir='ltr'><strong>ma·</strong></span> 
     </span>
     <span class='ocr_line' id='line_1_18' title="bbox 253 2300 2651 2385; baseline -0.001 -18"><span class='ocrx_word' id='word_1_177' title='bbox 253 2308 449 2367; x_wconf 90' lang='lat' dir='ltr'><strong>terno</strong></span> <span class='ocrx_word' id='word_1_178' title='bbox 495 2308 646 2368; x_wconf 85' lang='lat' dir='ltr'><strong>sunt</strong></span> <span class='ocrx_word' id='word_1_179' title='bbox 691 2322 836 2367; x_wconf 90' lang='lat' dir='ltr'><strong>mea</strong></span> <span class='ocrx_word' id='word_1_180' title='bbox 858 2300 1040 2366; x_wconf 74' lang='lat' dir='ltr'><strong>&#39;dona</strong></span> <span class='ocrx_word' id='word_1_181' title='bbox 1085 2301 1314 2381; x_wconf 83' lang='lat' dir='ltr'><strong>metu’3</strong></span> <span class='ocrx_word' id='word_1_182' title='bbox 1362 2301 1556 2367; x_wconf 89' lang='lat' dir='ltr'><strong>Ceres</strong></span> <span class='ocrx_word' id='word_1_183' title='bbox 1586 2301 1985 2385; x_wconf 87' lang='lat' dir='ltr'><strong>Triptolemo</strong></span> <span class='ocrx_word' id='word_1_184' title='bbox 2030 2322 2234 2385; x_wconf 89' lang='lat' dir='ltr'><strong>puero</strong></span> <span class='ocrx_word' id='word_1_185' title='bbox 2270 2300 2651 2370; x_wconf 86' lang='lat' dir='ltr'><strong>immortali-</strong></span> 
     </span>
     <span class='ocr_line' id='line_1_19' title="bbox 255 2403 2650 2487; baseline -0 -17"><span class='ocrx_word' id='word_1_186' title='bbox 255 2410 468 2470; x_wconf 89' lang='lat' dir='ltr'><strong>tatem</strong></span> <span class='ocrx_word' id='word_1_187' title='bbox 525 2404 764 2470; x_wconf 86' lang='lat' dir='ltr'><strong>datura</strong></span> <span class='ocrx_word' id='word_1_188' title='bbox 835 2408 1007 2485; x_wconf 84' lang='lat' dir='ltr'><strong>erat3</strong></span> <span class='ocrx_word' id='word_1_189' title='bbox 1085 2403 1262 2487; x_wconf 92' lang='lat' dir='ltr'><strong>quod</strong></span> <span class='ocrx_word' id='word_1_190' title='bbox 1334 2403 1494 2470; x_wconf 89' lang='lat' dir='ltr'><strong>deae</strong></span> <span class='ocrx_word' id='word_1_191' title='bbox 1566 2405 1806 2471; x_wconf 90' lang='lat' dir='ltr'><strong>donum</strong></span> <span class='ocrx_word' id='word_1_192' title='bbox 1866 2406 2096 2471; x_wconf 89' lang='lat' dir='ltr'><strong>matris</strong></span> <span class='ocrx_word' id='word_1_193' title='bbox 2155 2410 2333 2470; x_wconf 90' lang='lat' dir='ltr'><strong>metu</strong></span> <span class='ocrx_word' id='word_1_194' title='bbox 2391 2404 2650 2470; x_wconf 89' lang='lat' dir='ltr'><strong>irritum</strong></span> 
     </span>
     <span class='ocr_line' id='line_1_20' title="bbox 261 2507 2652 2592; baseline -0.001 -19"><span class='ocrx_word' id='word_1_195' title='bbox 261 2514 369 2573; x_wconf 90' lang='lat' dir='ltr'><strong>est</strong></span> <span class='ocrx_word' id='word_1_196' title='bbox 475 2507 658 2573; x_wconf 90' lang='lat' dir='ltr'><strong>Pont.</strong></span> <span class='ocrx_word' id='word_1_197' title='bbox 703 2507 788 2572; x_wconf 92' lang='lat' dir='ltr'><strong>IV</strong></span> <span class='ocrx_word' id='word_1_198' title='bbox 839 2514 896 2587; x_wconf 81' lang='lat'><strong>5,</strong></span> <span class='ocrx_word' id='word_1_199' title='bbox 943 2512 1024 2572; x_wconf 84' lang='lat'><strong>45</strong></span> <span class='ocrx_word' id='word_1_200' title='bbox 1086 2507 1366 2574; x_wconf 87' lang='lat' dir='ltr'><strong>fortasse</strong></span> <span class='ocrx_word' id='word_1_201' title='bbox 1421 2530 1545 2592; x_wconf 92' lang='lat' dir='ltr'><strong>pps</strong></span> <span class='ocrx_word' id='word_1_202' title='bbox 1601 2514 1837 2575; x_wconf 86' lang='lat' dir='ltr'><strong>‘servet</strong></span> <span class='ocrx_word' id='word_1_203' title='bbox 1880 2529 2003 2574; x_wconf 89' lang='lat' dir='ltr'><strong>sua</strong></span> <span class='ocrx_word' id='word_1_204' title='bbox 2048 2508 2239 2587; x_wconf 89' lang='lat' dir='ltr'><strong>dona,</strong></span> <span class='ocrx_word' id='word_1_205' title='bbox 2294 2508 2568 2592; x_wconf 77' lang='lat' dir='ltr'><strong>&#39;rogate’,</strong></span> <span class='ocrx_word' id='word_1_206' title='bbox 2611 2508 2652 2572; x_wconf 91' lang='lat' dir='ltr'><strong>i.</strong></span> 
     </span>
     <span class='ocr_line' id='line_1_21' title="bbox 260 2610 2654 2696; baseline -0.001 -19"><span class='ocrx_word' id='word_1_207' title='bbox 260 2613 340 2677; x_wconf 91' lang='lat' dir='ltr'><strong>V.</strong></span> <span class='ocrx_word' id='word_1_208' title='bbox 387 2634 446 2696; x_wconf 92' lang='lat' dir='ltr'><strong>p.</strong></span> <span class='ocrx_word' id='word_1_209' title='bbox 533 2610 628 2677; x_wconf 89' lang='lat' dir='ltr'><strong>Ib.</strong></span> <span class='ocrx_word' id='word_1_210' title='bbox 675 2617 795 2677; x_wconf 86' lang='lat'><strong>491</strong></span> <span class='ocrx_word' id='word_1_211' title='bbox 865 2612 998 2694; x_wconf 88' lang='lat' dir='ltr'><strong>‘qui</strong></span> <span class='ocrx_word' id='word_1_212' title='bbox 1064 2610 1236 2675; x_wconf 88' lang='lat' dir='ltr'><strong>dona</strong></span> <span class='ocrx_word' id='word_1_213' title='bbox 1303 2612 1456 2677; x_wconf 92' lang='lat' dir='ltr'><strong>tulit</strong></span> <span class='ocrx_word' id='word_1_214' title='bbox 1523 2612 1767 2678; x_wconf 80' lang='lat' dir='ltr'><strong>Nesseo</strong></span> <span class='ocrx_word' id='word_1_215' title='bbox 1841 2612 2047 2678; x_wconf 83' lang='lat' dir='ltr'><strong>tincta</strong></span> <span class='ocrx_word' id='word_1_216' title='bbox 2112 2611 2395 2677; x_wconf 84' lang='lat' dir='ltr'><strong>veneno’.</strong></span> <span class='ocrx_word' id='word_1_217' title='bbox 2498 2610 2654 2676; x_wconf 91' lang='lat' dir='ltr'><strong>Met.</strong></span> 
     </span>
     <span class='ocr_line' id='line_1_22' title="bbox 263 2714 2653 2799; baseline -0 -19"><span class='ocrx_word' id='word_1_218' title='bbox 263 2716 388 2781; x_wconf 89' lang='lat' dir='ltr'><strong>VH</strong></span> <span class='ocrx_word' id='word_1_219' title='bbox 420 2722 540 2781; x_wconf 83' lang='lat'><strong>754</strong></span> <span class='ocrx_word' id='word_1_220' title='bbox 591 2714 727 2780; x_wconf 88' lang='lat' dir='ltr'><strong>‘dat</strong></span> <span class='ocrx_word' id='word_1_221' title='bbox 771 2714 928 2779; x_wconf 90' lang='lat' dir='ltr'><strong>mihi</strong></span> <span class='ocrx_word' id='word_1_222' title='bbox 952 2764 966 2778; x_wconf 94' lang='lat'><strong>.</strong></span> <span class='ocrx_word' id='word_1_223' title='bbox 992 2764 1005 2778; x_wconf 94' lang='lat'><strong>.</strong></span> <span class='ocrx_word' id='word_1_224' title='bbox 1034 2720 1370 2799; x_wconf 85' lang='lat' dir='ltr'><strong>tamquam</strong></span> <span class='ocrx_word' id='word_1_225' title='bbox 1401 2736 1471 2781; x_wconf 89' lang='lat' dir='ltr'><strong>se</strong></span> <span class='ocrx_word' id='word_1_226' title='bbox 1514 2736 1721 2799; x_wconf 79' lang='lat' dir='ltr'><strong>parva</strong></span> <span class='ocrx_word' id='word_1_227' title='bbox 1752 2716 2040 2781; x_wconf 90' lang='lat' dir='ltr'><strong>dedisset</strong></span> <span class='ocrx_word' id='word_1_228' title='bbox 2068 2717 2330 2795; x_wconf 89' lang='lat' dir='ltr'><strong>Dona,</strong></span> <span class='ocrx_word' id='word_1_229' title='bbox 2376 2736 2653 2780; x_wconf 89' lang='lat' dir='ltr'><strong>canem</strong></span> 
     </span>
     <span class='ocr_line' id='line_1_23' title="bbox 265 2817 2656 2903; baseline 0 -20"><span class='ocrx_word' id='word_1_230' title='bbox 265 2818 598 2899; x_wconf 88' lang='lat' dir='ltr'><strong>munus&#39;,</strong></span> <span class='ocrx_word' id='word_1_231' title='bbox 643 2817 864 2883; x_wconf 91' lang='lat' dir='ltr'><strong>attrib.</strong></span> <span class='ocrx_word' id='word_1_232' title='bbox 897 2818 938 2881; x_wconf 90' lang='lat' dir='ltr'><strong>i.</strong></span> <span class='ocrx_word' id='word_1_233' title='bbox 960 2818 1054 2898; x_wconf 71' lang='lat' dir='ltr'><strong>V„</strong></span> <span class='ocrx_word' id='word_1_234' title='bbox 1089 2819 1292 2887; x_wconf 90' lang='lat' dir='ltr'><strong>subst.</strong></span> <span class='ocrx_word' id='word_1_235' title='bbox 1321 2820 1360 2883; x_wconf 93' lang='lat' dir='ltr'><strong>i.</strong></span> <span class='ocrx_word' id='word_1_236' title='bbox 1393 2820 1441 2883; x_wconf 95' lang='lat' dir='ltr'><strong>I.</strong></span> <span class='ocrx_word' id='word_1_237' title='bbox 1466 2841 1528 2903; x_wconf 89' lang='lat' dir='ltr'><strong>p.</strong></span> <span class='ocrx_word' id='word_1_238' title='bbox 1573 2818 1667 2883; x_wconf 87' lang='lat' dir='ltr'><strong>IX</strong></span> <span class='ocrx_word' id='word_1_239' title='bbox 1704 2824 1823 2885; x_wconf 87' lang='lat'><strong>156</strong></span> <span class='ocrx_word' id='word_1_240' title='bbox 1856 2818 2261 2902; x_wconf 86' lang='lat' dir='ltr'><strong>‘blandisque</strong></span> <span class='ocrx_word' id='word_1_241' title='bbox 2291 2818 2656 2884; x_wconf 85' lang='lat' dir='ltr'><strong>miserrima</strong></span> 
     </span>
     <span class='ocr_line' id='line_1_24' title="bbox 266 2921 2654 3005; baseline 0 -18"><span class='ocrx_word' id='word_1_242' title='bbox 266 2921 484 2988; x_wconf 84' lang='lat' dir='ltr'><strong>verbis</strong></span> <span class='ocrx_word' id='word_1_243' title='bbox 511 2922 698 2987; x_wconf 89' lang='lat' dir='ltr'><strong>Dona</strong></span> <span class='ocrx_word' id='word_1_244' title='bbox 731 2922 841 2987; x_wconf 92' lang='lat' dir='ltr'><strong>det</strong></span> <span class='ocrx_word' id='word_1_245' title='bbox 868 2921 984 2986; x_wconf 91' lang='lat' dir='ltr'><strong>illa</strong></span> <span class='ocrx_word' id='word_1_246' title='bbox 1014 2922 1192 3001; x_wconf 86' lang='lat' dir='ltr'><strong>viro’,</strong></span> <span class='ocrx_word' id='word_1_247' title='bbox 1225 2922 1448 2988; x_wconf 89' lang='lat' dir='ltr'><strong>attrib.</strong></span> <span class='ocrx_word' id='word_1_248' title='bbox 1473 2923 1513 2988; x_wconf 94' lang='lat' dir='ltr'><strong>i.</strong></span> <span class='ocrx_word' id='word_1_249' title='bbox 1538 2924 1631 3002; x_wconf 93' lang='lat' dir='ltr'><strong>V.,</strong></span> <span class='ocrx_word' id='word_1_250' title='bbox 1663 2922 1868 2987; x_wconf 88' lang='lat' dir='ltr'><strong>subst.</strong></span> <span class='ocrx_word' id='word_1_251' title='bbox 1890 2922 1931 2987; x_wconf 92' lang='lat' dir='ltr'><strong>i.</strong></span> <span class='ocrx_word' id='word_1_252' title='bbox 1956 2922 2005 2987; x_wconf 94' lang='lat' dir='ltr'><strong>I.</strong></span> <span class='ocrx_word' id='word_1_253' title='bbox 2030 2944 2091 3005; x_wconf 88' lang='lat' dir='ltr'><strong>p.</strong></span> <span class='ocrx_word' id='word_1_254' title='bbox 2138 2922 2450 2987; x_wconf 88' lang='lat' dir='ltr'><strong>Deianira</strong></span> <span class='ocrx_word' id='word_1_255' title='bbox 2484 2921 2654 2987; x_wconf 91' lang='lat' dir='ltr'><strong>dono</strong></span> 
     </span>
     <span class='ocr_line' id='line_1_25' title="bbox 265 3018 2701 3109; baseline -0.001 -16"><span class='ocrx_word' id='word_1_256' title='bbox 265 3026 473 3093; x_wconf 88' lang='lat' dir='ltr'><strong>mittit</strong></span> <span class='ocrx_word' id='word_1_257' title='bbox 516 3025 782 3091; x_wconf 87' lang='lat' dir='ltr'><strong>Herculi</strong></span> <span class='ocrx_word' id='word_1_258' title='bbox 827 3024 1162 3091; x_wconf 82' lang='lat' dir='ltr'><strong>‘imbutam</strong></span> <span class='ocrx_word' id='word_1_259' title='bbox 1195 3024 1440 3091; x_wconf 86' lang='lat' dir='ltr'><strong>Nesseo</strong></span> <span class='ocrx_word' id='word_1_260' title='bbox 1481 3026 1795 3109; x_wconf 85' lang='lat' dir='ltr'><strong>sanguine</strong></span> <span class='ocrx_word' id='word_1_261' title='bbox 1840 3026 2102 3091; x_wconf 78' lang='lat' dir='ltr'><strong>vestem’</strong></span> <span class='ocrx_word' id='word_1_262' title='bbox 2150 3026 2364 3109; x_wconf 84' lang='lat'>(153);</span> <span class='ocrx_word' id='word_1_263' title='bbox 2411 3030 2534 3092; x_wconf 84' lang='lat'><strong>213</strong></span> <span class='ocrx_word' id='word_1_264' title='bbox 2572 3025 2655 3091; x_wconf 90' lang='lat' dir='ltr'><strong>de</strong></span> <span class='ocrx_word' id='word_1_265' title='bbox 2697 3018 2701 3022; x_wconf 57' lang='grc'><em>’</em></span> 
     </span>
     <span class='ocr_line' id='line_1_26' title="bbox 269 3128 2651 3213; baseline 0 -19"><span class='ocrx_word' id='word_1_266' title='bbox 269 3129 496 3195; x_wconf 88' lang='lat' dir='ltr'><strong>eadem</strong></span> <span class='ocrx_word' id='word_1_267' title='bbox 543 3150 648 3195; x_wconf 86' lang='lat' dir='ltr'><strong>re:</strong></span> <span class='ocrx_word' id='word_1_268' title='bbox 697 3134 871 3193; x_wconf 86' lang='lat' dir='ltr'><strong>‘tune</strong></span> <span class='ocrx_word' id='word_1_269' title='bbox 917 3128 1119 3193; x_wconf 90' lang='lat' dir='ltr'><strong>Licha</strong></span> <span class='ocrx_word' id='word_1_270' title='bbox 1157 3178 1208 3195; x_wconf 89' lang='lat'><strong>..</strong></span> <span class='ocrx_word' id='word_1_271' title='bbox 1255 3128 1488 3195; x_wconf 87' lang='lat' dir='ltr'><strong>feralia</strong></span> <span class='ocrx_word' id='word_1_272' title='bbox 1533 3130 1705 3194; x_wconf 88' lang='lat' dir='ltr'><strong>dona</strong></span> <span class='ocrx_word' id='word_1_273' title='bbox 1746 3128 2018 3195; x_wconf 59' lang='lat' dir='ltr'><strong>tulisti?</strong></span> <span class='ocrx_word' id='word_1_274' title='bbox 2063 3129 2103 3193; x_wconf 93' lang='lat' dir='ltr'><strong>i.</strong></span> <span class='ocrx_word' id='word_1_275' title='bbox 2141 3129 2209 3193; x_wconf 93' lang='lat' dir='ltr'><strong>V.</strong></span> <span class='ocrx_word' id='word_1_276' title='bbox 2249 3150 2310 3213; x_wconf 94' lang='lat' dir='ltr'><strong>p.</strong></span> <span class='ocrx_word' id='word_1_277' title='bbox 2403 3128 2493 3192; x_wconf 91' lang='lat' dir='ltr'><strong>IX</strong></span> <span class='ocrx_word' id='word_1_278' title='bbox 2526 3134 2651 3195; x_wconf 85' lang='lat'><strong>419</strong></span> 
     </span>
     <span class='ocr_line' id='line_1_27' title="bbox 269 3231 2651 3324; baseline -0 -25"><span class='ocrx_word' id='word_1_279' title='bbox 269 3241 418 3324; x_wconf 84' lang='lat' dir='ltr'><strong>‘cur</strong></span> <span class='ocrx_word' id='word_1_280' title='bbox 451 3253 580 3298; x_wconf 93' lang='lat' dir='ltr'><strong>non</strong></span> <span class='ocrx_word' id='word_1_281' title='bbox 628 3232 773 3297; x_wconf 89' lang='lat' dir='ltr'><strong>aliis</strong></span> <span class='ocrx_word' id='word_1_282' title='bbox 819 3232 1046 3297; x_wconf 88' lang='lat' dir='ltr'><strong>eadem</strong></span> <span class='ocrx_word' id='word_1_283' title='bbox 1093 3232 1252 3297; x_wconf 89' lang='lat' dir='ltr'><strong>dare</strong></span> <span class='ocrx_word' id='word_1_284' title='bbox 1290 3231 1460 3298; x_wconf 92' lang='lat' dir='ltr'><strong>dona</strong></span> <span class='ocrx_word' id='word_1_285' title='bbox 1502 3232 1733 3298; x_wconf 90' lang='lat' dir='ltr'><strong>liceret</strong></span> <span class='ocrx_word' id='word_1_286' title='bbox 1762 3233 2057 3298; x_wconf 89' lang='lat' dir='ltr'><strong>Murmur</strong></span> <span class='ocrx_word' id='word_1_287' title='bbox 2086 3231 2281 3314; x_wconf 83' lang='lat' dir='ltr'><strong>erat&#39;3</strong></span> <span class='ocrx_word' id='word_1_288' title='bbox 2325 3232 2481 3297; x_wconf 88' lang='lat' dir='ltr'><strong>item</strong></span> <span class='ocrx_word' id='word_1_289' title='bbox 2525 3238 2651 3298; x_wconf 80' lang='lat'><strong>415</strong></span> 
     </span>
     <span class='ocr_line' id='line_1_28' title="bbox 269 3334 2655 3421; baseline -0 -20"><span class='ocrx_word' id='word_1_290' title='bbox 269 3338 314 3401; x_wconf 92' lang='lat' dir='ltr'><strong>i.</strong></span> <span class='ocrx_word' id='word_1_291' title='bbox 363 3337 435 3401; x_wconf 92' lang='lat' dir='ltr'><strong>V.</strong></span> <span class='ocrx_word' id='word_1_292' title='bbox 480 3358 544 3421; x_wconf 96' lang='lat' dir='ltr'><strong>p.</strong></span> <span class='ocrx_word' id='word_1_293' title='bbox 625 3334 922 3419; x_wconf 90' lang='lat' dir='ltr'><strong>Utroque</strong></span> <span class='ocrx_word' id='word_1_294' title='bbox 980 3335 1124 3401; x_wconf 93' lang='lat' dir='ltr'><strong>loco</strong></span> <span class='ocrx_word' id='word_1_295' title='bbox 1183 3336 1264 3401; x_wconf 90' lang='lat' dir='ltr'><strong>de</strong></span> <span class='ocrx_word' id='word_1_296' title='bbox 1311 3357 1438 3401; x_wconf 91' lang='lat' dir='ltr'><strong>uno</strong></span> <span class='ocrx_word' id='word_1_297' title='bbox 1491 3342 1746 3402; x_wconf 85' lang='lat' dir='ltr'><strong>tantum</strong></span> <span class='ocrx_word' id='word_1_298' title='bbox 1805 3336 1975 3402; x_wconf 93' lang='lat' dir='ltr'><strong>dono</strong></span> <span class='ocrx_word' id='word_1_299' title='bbox 2017 3336 2265 3419; x_wconf 81' lang='lat' dir='ltr'><strong>agitur:</strong></span> <span class='ocrx_word' id='word_1_300' title='bbox 2332 3334 2655 3401; x_wconf 88' lang='lat' dir='ltr'><strong>Callirhoe</strong></span> 
     </span>
     <span class='ocr_line' id='line_1_29' title="bbox 274 3439 2654 3524; baseline 0 -20"><span class='ocrx_word' id='word_1_301' title='bbox 274 3461 421 3505; x_wconf 91' lang='lat' dir='ltr'><strong>cum</strong></span> <span class='ocrx_word' id='word_1_302' title='bbox 467 3439 741 3505; x_wconf 86' lang='lat' dir='ltr'><strong>maritus</strong></span> <span class='ocrx_word' id='word_1_303' title='bbox 787 3439 1138 3505; x_wconf 88' lang='lat' dir='ltr'><strong>Alcmaeon</strong></span> <span class='ocrx_word' id='word_1_304' title='bbox 1196 3460 1314 3523; x_wconf 90' lang='lat' dir='ltr'><strong>per</strong></span> <span class='ocrx_word' id='word_1_305' title='bbox 1359 3440 1688 3505; x_wconf 84' lang='lat' dir='ltr'><strong>fallaciam</strong></span> <span class='ocrx_word' id='word_1_306' title='bbox 1734 3441 1986 3506; x_wconf 90' lang='lat' dir='ltr'><strong>occisus</strong></span> <span class='ocrx_word' id='word_1_307' title='bbox 2032 3444 2221 3518; x_wconf 88' lang='lat' dir='ltr'><strong>esset,</strong></span> <span class='ocrx_word' id='word_1_308' title='bbox 2268 3459 2309 3503; x_wconf 91' lang='lat' dir='ltr'><strong>a</strong></span> <span class='ocrx_word' id='word_1_309' title='bbox 2351 3439 2500 3505; x_wconf 86' lang='lat' dir='ltr'><strong>Iove</strong></span> <span class='ocrx_word' id='word_1_310' title='bbox 2543 3460 2654 3524; x_wconf 93' lang='lat' dir='ltr'><strong>pe-</strong></span> 
     </span>
     <span class='ocr_line' id='line_1_30' title="bbox 272 3542 2656 3627; baseline -0 -19"><span class='ocrx_word' id='word_1_311' title='bbox 272 3544 422 3608; x_wconf 79' lang='lat' dir='ltr'><strong>tivit</strong></span> <span class='ocrx_word' id='word_1_312' title='bbox 463 3542 687 3608; x_wconf 91' lang='lat' dir='ltr'><strong>liberis</strong></span> <span class='ocrx_word' id='word_1_313' title='bbox 733 3542 865 3607; x_wconf 89' lang='lat' dir='ltr'><strong>suis</strong></span> <span class='ocrx_word' id='word_1_314' title='bbox 915 3546 989 3607; x_wconf 90' lang='lat' dir='ltr'><strong>ut</strong></span> <span class='ocrx_word' id='word_1_315' title='bbox 1032 3542 1278 3608; x_wconf 89' lang='lat' dir='ltr'><strong>ultores</strong></span> <span class='ocrx_word' id='word_1_316' title='bbox 1317 3544 1526 3627; x_wconf 89' lang='lat' dir='ltr'><strong>patris</strong></span> <span class='ocrx_word' id='word_1_317' title='bbox 1571 3548 1805 3624; x_wconf 85' lang='lat' dir='ltr'><strong>essent,</strong></span> <span class='ocrx_word' id='word_1_318' title='bbox 1852 3564 2055 3609; x_wconf 88' lang='lat' dir='ltr'><strong>annos</strong></span> <span class='ocrx_word' id='word_1_319' title='bbox 2100 3542 2407 3609; x_wconf 88' lang='lat' dir='ltr'><strong>adiceret.</strong></span> <span class='ocrx_word' id='word_1_320' title='bbox 2493 3543 2656 3609; x_wconf 85' lang='lat' dir='ltr'><strong>Tum</strong></span> 
     </span>
     <span class='ocr_line' id='line_1_31' title="bbox 272 3645 2654 3731; baseline 0 -20"><span class='ocrx_word' id='word_1_321' title='bbox 272 3646 445 3712; x_wconf 84' lang='lat' dir='ltr'><strong>Iovis</strong></span> <span class='ocrx_word' id='word_1_322' title='bbox 486 3646 821 3711; x_wconf 81' lang='lat' dir='ltr'><strong>voluntate</strong></span> <span class='ocrx_word' id='word_1_323' title='bbox 865 3645 1108 3711; x_wconf 87' lang='lat' dir='ltr'><strong>factum</strong></span> <span class='ocrx_word' id='word_1_324' title='bbox 1153 3647 1289 3727; x_wconf 87' lang='lat' dir='ltr'><strong>est,</strong></span> <span class='ocrx_word' id='word_1_325' title='bbox 1350 3652 1425 3711; x_wconf 93' lang='lat' dir='ltr'><strong>ut</strong></span> <span class='ocrx_word' id='word_1_326' title='bbox 1482 3668 1562 3713; x_wconf 86' lang='lat' dir='ltr'><strong>ex</strong></span> <span class='ocrx_word' id='word_1_327' title='bbox 1607 3648 1893 3731; x_wconf 90' lang='lat' dir='ltr'><strong>pueritia</strong></span> <span class='ocrx_word' id='word_1_328' title='bbox 1952 3648 2018 3711; x_wconf 93' lang='lat' dir='ltr'><strong>in</strong></span> <span class='ocrx_word' id='word_1_329' title='bbox 2066 3646 2511 3713; x_wconf 87' lang='lat' dir='ltr'><strong>adolescentes</strong></span> <span class='ocrx_word' id='word_1_330' title='bbox 2555 3667 2654 3711; x_wconf 88' lang='lat' dir='ltr'><strong>ce—</strong></span> 
     </span>
     <span class='ocr_line' id='line_1_32' title="bbox 273 3748 2659 3836; baseline -0.001 -21"><span class='ocrx_word' id='word_1_331' title='bbox 273 3751 522 3815; x_wconf 89' lang='lat' dir='ltr'><strong>derent.</strong></span> <span class='ocrx_word' id='word_1_332' title='bbox 609 3748 787 3814; x_wconf 86' lang='lat' dir='ltr'><strong>Nihil</strong></span> <span class='ocrx_word' id='word_1_333' title='bbox 834 3748 1012 3815; x_wconf 90' lang='lat' dir='ltr'><strong>aliud</strong></span> <span class='ocrx_word' id='word_1_334' title='bbox 1055 3755 1253 3836; x_wconf 78' lang='lat' dir='ltr'><strong>poeta</strong></span> <span class='ocrx_word' id='word_1_335' title='bbox 1297 3769 1452 3815; x_wconf 86' lang='lat' dir='ltr'><strong>voce</strong></span> <span class='ocrx_word' id='word_1_336' title='bbox 1498 3750 1706 3817; x_wconf 89' lang='lat' dir='ltr'><strong>‘dona’</strong></span> <span class='ocrx_word' id='word_1_337' title='bbox 1754 3752 2118 3835; x_wconf 80' lang='lat' dir='ltr'><strong>exprimere</strong></span> <span class='ocrx_word' id='word_1_338' title='bbox 2161 3749 2329 3830; x_wconf 80' lang='lat' dir='ltr'><strong>vult3</strong></span> <span class='ocrx_word' id='word_1_339' title='bbox 2387 3749 2659 3834; x_wconf 89' lang='lat' dir='ltr'><strong>pluralis</strong></span> 
     </span>
     <span class='ocr_line' id='line_1_33' title="bbox 270 3852 2659 3938; baseline -0 -20"><span class='ocrx_word' id='word_1_340' title='bbox 270 3873 428 3936; x_wconf 86' lang='lat' dir='ltr'><strong>ergo</strong></span> <span class='ocrx_word' id='word_1_341' title='bbox 485 3873 628 3931; x_wconf 89' lang='lat' dir='ltr'><strong>cum</strong></span> <span class='ocrx_word' id='word_1_342' title='bbox 697 3852 1043 3935; x_wconf 86' lang='lat' dir='ltr'><strong>singularis</strong></span> <span class='ocrx_word' id='word_1_343' title='bbox 1101 3854 1362 3919; x_wconf 89' lang='lat' dir='ltr'><strong>notione</strong></span> <span class='ocrx_word' id='word_1_344' title='bbox 1406 3854 1883 3938; x_wconf 84' lang='lat' dir='ltr'><strong>intellegendus</strong></span> <span class='ocrx_word' id='word_1_345' title='bbox 1945 3860 2061 3919; x_wconf 88' lang='lat' dir='ltr'><strong>est.</strong></span> <span class='ocrx_word' id='word_1_346' title='bbox 2162 3852 2406 3919; x_wconf 89' lang='lat' dir='ltr'><strong>Eodem</strong></span> <span class='ocrx_word' id='word_1_347' title='bbox 2466 3874 2659 3919; x_wconf 90' lang='lat' dir='ltr'><strong>sensu</strong></span> 
     </span>
     <span class='ocr_line' id='line_1_34' title="bbox 270 3954 2657 4040; baseline -0.001 -19"><span class='ocrx_word' id='word_1_348' title='bbox 270 3962 396 4022; x_wconf 89' lang='lat'><strong>402</strong></span> <span class='ocrx_word' id='word_1_349' title='bbox 445 3956 634 4022; x_wconf 90' lang='lat' dir='ltr'><strong>‘dona</strong></span> <span class='ocrx_word' id='word_1_350' title='bbox 667 3955 1060 4021; x_wconf 89' lang='lat' dir='ltr'><strong>tributuram</strong></span> <span class='ocrx_word' id='word_1_351' title='bbox 1101 3957 1378 4040; x_wconf 87' lang='lat' dir='ltr'><strong>posthac</strong></span> <span class='ocrx_word' id='word_1_352' title='bbox 1421 3978 1490 4023; x_wconf 89' lang='lat' dir='ltr'><strong>se</strong></span> <span class='ocrx_word' id='word_1_353' title='bbox 1535 3958 1697 4023; x_wconf 89' lang='lat' dir='ltr'><strong>talia</strong></span> <span class='ocrx_word' id='word_1_354' title='bbox 1738 3957 1955 4037; x_wconf 88' lang='lat' dir='ltr'><strong>nulla&#39;,</strong></span> <span class='ocrx_word' id='word_1_355' title='bbox 2002 3958 2206 4022; x_wconf 90' lang='lat' dir='ltr'><strong>subst.</strong></span> <span class='ocrx_word' id='word_1_356' title='bbox 2251 3956 2291 4021; x_wconf 90' lang='lat' dir='ltr'><strong>i.</strong></span> <span class='ocrx_word' id='word_1_357' title='bbox 2337 3956 2406 4037; x_wconf 91' lang='lat'><strong>1.,</strong></span> <span class='ocrx_word' id='word_1_358' title='bbox 2436 3954 2657 4021; x_wconf 89' lang='lat' dir='ltr'><strong>attrib.</strong></span> 
     </span>
     <span class='ocr_line' id='line_1_35' title="bbox 270 4058 2663 4143; baseline 0 -18"><span class='ocrx_word' id='word_1_359' title='bbox 270 4061 311 4125; x_wconf 93' lang='lat' dir='ltr'><strong>i.</strong></span> <span class='ocrx_word' id='word_1_360' title='bbox 337 4060 411 4126; x_wconf 92' lang='lat' dir='ltr'><strong>V.</strong></span> <span class='ocrx_word' id='word_1_361' title='bbox 431 4082 528 4143; x_wconf 88' lang='lat' dir='ltr'><strong>p.;</strong></span> <span class='ocrx_word' id='word_1_362' title='bbox 575 4060 782 4125; x_wconf 84' lang='lat' dir='ltr'><strong>anteit</strong></span> <span class='ocrx_word' id='word_1_363' title='bbox 825 4065 952 4126; x_wconf 89' lang='grc'><strong>400</strong></span> <span class='ocrx_word' id='word_1_364' title='bbox 997 4059 1078 4125; x_wconf 94' lang='lat' dir='ltr'><strong>de</strong></span> <span class='ocrx_word' id='word_1_365' title='bbox 1119 4061 1345 4126; x_wconf 91' lang='lat' dir='ltr'><strong>eadem</strong></span> <span class='ocrx_word' id='word_1_366' title='bbox 1390 4082 1460 4126; x_wconf 88' lang='lat' dir='ltr'><strong>re</strong></span> <span class='ocrx_word' id='word_1_367' title='bbox 1507 4061 1846 4126; x_wconf 87' lang='lat' dir='ltr'><strong>‘muneris&#39;.</strong></span> <span class='ocrx_word' id='word_1_368' title='bbox 1907 4060 2061 4125; x_wconf 89' lang='lat' dir='ltr'>XIII</span> <span class='ocrx_word' id='word_1_369' title='bbox 2097 4065 2219 4125; x_wconf 89' lang='grc'><strong>289</strong></span> <span class='ocrx_word' id='word_1_370' title='bbox 2268 4060 2347 4124; x_wconf 92' lang='lat' dir='ltr'><strong>de</strong></span> <span class='ocrx_word' id='word_1_371' title='bbox 2393 4058 2663 4125; x_wconf 90' lang='lat' dir='ltr'><strong>Achillis</strong></span> 
     </span>
     <span class='ocr_line' id='line_1_36' title="bbox 272 4162 2661 4249; baseline -0.001 -20"><span class='ocrx_word' id='word_1_372' title='bbox 272 4164 473 4229; x_wconf 89' lang='lat' dir='ltr'><strong>armis</strong></span> <span class='ocrx_word' id='word_1_373' title='bbox 520 4163 823 4246; x_wconf 83' lang='lat' dir='ltr'><strong>(fortasse</strong></span> <span class='ocrx_word' id='word_1_374' title='bbox 869 4164 1136 4248; x_wconf 88' lang='lat' dir='ltr'><strong>proprio</strong></span> <span class='ocrx_word' id='word_1_375' title='bbox 1169 4169 1391 4249; x_wconf 87' lang='lat' dir='ltr'><strong>sensu)</strong></span> <span class='ocrx_word' id='word_1_376' title='bbox 1437 4165 1642 4237; x_wconf 82' lang='lat' dir='ltr'><strong>‘donis</strong></span> <span class='ocrx_word' id='word_1_377' title='bbox 1674 4164 2081 4248; x_wconf 88' lang='lat' dir='ltr'><strong>patruelibus</strong></span> <span class='ocrx_word' id='word_1_378' title='bbox 2127 4162 2311 4228; x_wconf 89' lang='lat' dir='ltr'><strong>orbi’.</strong></span> <span class='ocrx_word' id='word_1_379' title='bbox 2389 4163 2661 4229; x_wconf 78' lang='lat' dir='ltr'><strong>vl1846</strong></span> 
     </span>
     <span class='ocr_line' id='line_1_37' title="bbox 270 4265 2662 4350; baseline -0.001 -17"><span class='ocrx_word' id='word_1_380' title='bbox 270 4272 360 4333; x_wconf 88' lang='lat' dir='ltr'><strong>‘et</strong></span> <span class='ocrx_word' id='word_1_381' title='bbox 410 4288 528 4331; x_wconf 90' lang='lat' dir='ltr'><strong>sua</strong></span> <span class='ocrx_word' id='word_1_382' title='bbox 575 4317 588 4331; x_wconf 93' lang='lat'><strong>.</strong></span> <span class='ocrx_word' id='word_1_383' title='bbox 621 4318 634 4331; x_wconf 94' lang='lat'><strong>.</strong></span> <span class='ocrx_word' id='word_1_384' title='bbox 704 4267 782 4331; x_wconf 90' lang='lat' dir='ltr'><strong>de</strong></span> <span class='ocrx_word' id='word_1_385' title='bbox 845 4267 1104 4331; x_wconf 87' lang='lat' dir='ltr'><strong>volnere</strong></span> <span class='ocrx_word' id='word_1_386' title='bbox 1151 4268 1322 4332; x_wconf 91' lang='lat' dir='ltr'><strong>dona</strong></span> <span class='ocrx_word' id='word_1_387' title='bbox 1380 4268 1786 4344; x_wconf 87' lang='lat' dir='ltr'><strong>trahentem&#39;,</strong></span> <span class='ocrx_word' id='word_1_388' title='bbox 1846 4266 1927 4331; x_wconf 92' lang='lat' dir='ltr'><strong>de</strong></span> <span class='ocrx_word' id='word_1_389' title='bbox 1985 4266 2113 4331; x_wconf 90' lang='lat' dir='ltr'><strong>telo</strong></span> <span class='ocrx_word' id='word_1_390' title='bbox 2160 4265 2333 4350; x_wconf 89' lang='lat' dir='ltr'><strong>quod</strong></span> <span class='ocrx_word' id='word_1_391' title='bbox 2378 4266 2662 4350; x_wconf 89' lang='lat' dir='ltr'><strong>Cephalo</strong></span> 
     </span>
     <span class='ocr_line' id='line_1_38' title="bbox 277 4369 2663 4454; baseline 0 -19"><span class='ocrx_word' id='word_1_392' title='bbox 277 4392 317 4435; x_wconf 90' lang='lat' dir='ltr'><strong>a</strong></span> <span class='ocrx_word' id='word_1_393' title='bbox 363 4370 636 4454; x_wconf 87' lang='lat' dir='ltr'><strong>coniuge</strong></span> <span class='ocrx_word' id='word_1_394' title='bbox 696 4370 1002 4436; x_wconf 89' lang='lat' dir='ltr'><strong>Procride</strong></span> <span class='ocrx_word' id='word_1_395' title='bbox 1068 4371 1385 4436; x_wconf 88' lang='lat' dir='ltr'><strong>tributum</strong></span> <span class='ocrx_word' id='word_1_396' title='bbox 1453 4392 1592 4437; x_wconf 88' lang='lat' dir='ltr'><strong>esse</strong></span> <span class='ocrx_word' id='word_1_397' title='bbox 1659 4371 1886 4436; x_wconf 86' lang='lat' dir='ltr'><strong>fertur.</strong></span> <span class='ocrx_word' id='word_1_398' title='bbox 1996 4370 2089 4435; x_wconf 92' lang='lat' dir='ltr'><strong>III</strong></span> <span class='ocrx_word' id='word_1_399' title='bbox 2148 4374 2270 4435; x_wconf 88' lang='grc'><strong>309</strong></span> <span class='ocrx_word' id='word_1_400' title='bbox 2330 4369 2663 4453; x_wconf 88' lang='lat' dir='ltr'><strong>‘donisque</strong></span> 
     </span>
     <span class='ocr_line' id='line_1_39' title="bbox 269 4473 2666 4558; baseline -0.001 -19"><span class='ocrx_word' id='word_1_401' title='bbox 269 4475 608 4558; x_wconf 83' lang='lat' dir='ltr'><strong>iugalibus</strong></span> <span class='ocrx_word' id='word_1_402' title='bbox 664 4474 866 4553; x_wconf 87' lang='lat' dir='ltr'><strong>arsit&#39;,</strong></span> <span class='ocrx_word' id='word_1_403' title='bbox 931 4497 1016 4539; x_wconf 87' lang='lat' dir='ltr'><strong>sc.</strong></span> <span class='ocrx_word' id='word_1_404' title='bbox 1066 4474 1320 4539; x_wconf 88' lang='lat' dir='ltr'><strong>Semela</strong></span> <span class='ocrx_word' id='word_1_405' title='bbox 1368 4496 1534 4557; x_wconf 80' lang='lat' dir='ltr'><strong>quae</strong></span> <span class='ocrx_word' id='word_1_406' title='bbox 1582 4496 1622 4539; x_wconf 87' lang='lat' dir='ltr'><strong>a</strong></span> <span class='ocrx_word' id='word_1_407' title='bbox 1660 4474 1810 4539; x_wconf 86' lang='lat' dir='ltr'><strong>Iove</strong></span> <span class='ocrx_word' id='word_1_408' title='bbox 1858 4474 2099 4539; x_wconf 86' lang='lat' dir='ltr'><strong>amoris</strong></span> <span class='ocrx_word' id='word_1_409' title='bbox 2158 4473 2392 4556; x_wconf 87' lang='lat' dir='ltr'><strong>pignus</strong></span> <span class='ocrx_word' id='word_1_410' title='bbox 2438 4474 2666 4556; x_wconf 88' lang='lat' dir='ltr'><strong>petivit</strong></span> 
     </span>
    </p>
   </div>
   <div class='ocr_carea' id='block_1_2' title="bbox 2184 4594 2250 4647">
    <p class='ocr_par' dir='ltr' id='par_1_2' title="bbox 2184 4594 2250 4647">
     <span class='ocr_line' id='line_1_40' title="bbox 2184 4594 2250 4647; baseline 0 -22"><span class='ocrx_word' id='word_1_411' title='bbox 2184 4594 2250 4647; x_wconf 76' lang='lat'><strong>4*</strong></span> 
     </span>
    </p>
   </div>
  </div>
 </body>
</html>
