3325 5359
1708 368 2142 429 ...22-

907 538 1051 605 Hoc
1106 539 1248 605 loco
1309 539 1505 605 etiam
1563 537 1884 604 attributa
1947 537 2277 622 plurativa
2340 557 2509 621 quae
2569 535 2653 600 ad
2712 533 3117 612 substantivi,

735 644 816 709 de
861 664 991 728 quo
1036 643 1284 727 aliquid
1320 642 1712 721 declaratur,
1760 641 2157 725 singularem
2200 640 2544 706 referenda
2591 642 2758 720 sunt,
2806 638 3115 722 exemplis

735 748 1097 814 fulciamus,
1186 748 1261 813 In
1305 746 1429 811 hoc
1476 766 1735 830 quoque
1781 768 1923 826 usu,
1972 746 2086 829 qui
2128 746 2253 810 nisi
2298 744 2474 829 apud
2518 750 2750 829 poetas
2795 743 3118 808 Romanos

737 851 965 917 obvius
1009 872 1139 916 non
1185 856 1304 932 est,
1351 850 1588 916 Graeci
1632 850 2042 934 praebebant
2078 849 2375 933 exempla
2420 854 2487 914 et
2528 853 2763 932 poetae
2810 851 2878 912 et
2920 848 3122 931 scrip·

734 962 912 1021 tores
968 956 1312 1040 (imprimis
1370 955 1711 1040 oratores).
1810 954 2094 1019 Primum
2157 952 2478 1019 Homerus
2541 953 2713 1018 hanc
2775 951 3120 1017 dictionem

734 1060 1077 1146 usurpavit
1120 1060 1178 1125 P
1223 1063 1347 1125 255
1397 1056 1797 1144 Πάτροκλον
1836 1064 1899 1125 T
1892 1067 2104 1150 ῳῇρσι
2155 1059 2354 1127 κυσὶν
2396 1058 2746 1144 μέλπηθρα
2789 1057 3121 1143 γενέσθαι.

737 1148 1048 1247 ὃθᾲιιὶῐιιι·
1076 1162 1447 1228 Herodotus
1481 1162 1566 1227 VI
1617 1167 1737 1229 119
1769 1166 2031 1249 Μίλητε
2064 1216 2077 1229 .
2113 1216 2150 1244 .,
2191 1168 2535 1229 πολλοῖσιν
2580 1158 2857 1229 δεῖπνόν
2900 1185 2971 1228 τε
3014 1162 3126 1228 καὶ

735 1264 946 1354 ἀγλαὰ
990 1270 1174 1351 δῶρα
1215 1265 1484 1354 γενήσῃ.
1562 1267 1726 1330 Isae.
1759 1266 1879 1331 VII
1910 1270 1993 1333 40
2029 1256 2122 1335 ὧν
2163 1275 2449 1353 μνημεῖα
2480 1273 2597 1349 τῆς
2644 1265 2910 1332 ἐκείνου
2940 1272 3124 1350 φιλο-

739 1374 957 1457 τιμίας
1002 1368 1038 1437 ὁ
1083 1374 1363 1456 τρίπους
1409 1372 1661 1451 ἐκεῖνος
1708 1370 1955 1457 ἔστηκε.
2048 1371 2251 1449 Quem
2282 1392 2469 1434 usum
2517 1373 2753 1453 poetae
2786 1368 2967 1435 Rom.
3000 1368 3129 1433 sibi

740 1478 1214 1554 concesserunt,
1284 1474 1462 1541 velut
1521 1474 1713 1557 Verg.
1777 1473 1891 1538 ecl.
1951 1474 2009 1538 V
2074 1479 2149 1538 71
2210 1471 2389 1538 ‘vina
2457 1494 2687 1538 novom
2760 1471 3127 1540 fundam..

740 1577 1000 1644 Ariusia
1058 1577 1328 1657 nectar’‚
1391 1580 1502 1643 Ae.
1549 1574 1637 1642 IV
1688 1582 1812 1643 455
1849 1574 2153 1661 ‘fusaque
2210 1578 2278 1641 in
2338 1576 2685 1641 obscenum
2751 1598 2822 1641 se
2869 1582 3126 1642 vertere

738 1682 888 1746 vina
930 1680 1274 1746 cruorem’.
1365 1680 1546 1746 Ovid.
1579 1684 1727 1745 met.
1768 1680 1828 1745 X
1876 1685 1995 1746 571
2040 1677 2360 1765 'praemia
2402 1680 2608 1746 veloci
2654 1681 2961 1745 coniunx'
3007 1683 3125 1764 (sc.

744 1784 1101 1867 Atalanta).

914 1889 1090 1968 Quas
1151 1882 1408 1953 dicendi
1468 1888 1758 1953 rationes
1812 1909 1959 1953 cum
2008 1909 2137 1953 non
2185 1888 2309 1953 nisi
2356 1888 2533 1972 apud
2576 1893 2807 1971 poetas
2846 1888 3129 1968 valeant,

741 2012 821 2057 ea
859 1992 1006 2076 ipsa
1035 1991 1116 2057 de
1162 2012 1360 2056 causa
1405 1992 1703 2075 poeticae
1743 1990 2057 2057 dicendae
2104 1997 2170 2057 et
2213 1992 2501 2075 plurales
2546 1991 2639 2055 illi
2684 2011 2807 2075 pro
2850 1992 3129 2075 poeticis

739 2094 1028 2161 habendi
1094 2095 1254 2160 mihi
1317 2095 1620 2160 videntur
1686 2115 1845 2163 esse.
1949 2095 2197 2175 Quibus
2258 2096 2339 2161 de
2406 2095 2623 2161 causis
2686 2096 3131 2161 Romanorum

739 2205 974 2284 poetae
1023 2199 1106 2264 ad
1153 2199 1350 2264 talem
1407 2221 1594 2264 usum
1659 2199 1927 2264 adducti
1987 2200 2133 2279 sint,
2195 2220 2384 2263 nemo
2430 2204 2529 2263 est
2587 2200 2699 2282 qui
2754 2199 2881 2265 hoc
2926 2200 3132 2266 exiis

741 2324 910 2387 quae
972 2305 1039 2367 in
1095 2302 1530 2388 paragraphis
1586 2303 1675 2368 IV
1722 2308 1787 2367 et
1836 2304 1892 2370 V
1952 2302 2031 2367 de
2086 2303 2361 2387 pluralis
2418 2304 2660 2387 poetici
2719 2309 2959 2368 natura
3017 2326 3132 2369 ex-

742 2407 1096 2491 posuimus,
1143 2427 1270 2471 non
1312 2406 1673 2489 intellegat.

912 2531 948 2615 ἓ
1009 2535 1064 2594 7.
1161 2528 1350 2593 Nunc
1424 2527 1683 2592 demum
1757 2529 1985 2613 paucis
2053 2548 2323 2612 agamus
2391 2528 2471 2593 de
2539 2528 2813 2611 pluralis
2887 2530 3137 2612 poetici

743 2632 1036 2698 historia.
1125 2631 1344 2696 Primo
1377 2630 1610 2697 obtutu
1657 2631 2153 2697 admirationem
2199 2638 2487 2697 nostram
2525 2652 2881 2715 provocare
2914 2632 3133 2713 debet,

744 2736 920 2819 quod
992 2736 1058 2799 in
1135 2739 1478 2819 poetarum
1556 2740 1622 2799 et
1682 2735 2114 2818 elegiacorum
2185 2742 2251 2800 et
2327 2736 2658 2819 epicorum
2732 2736 3135 2801 carminibus

740 2859 1151 2903 numerorum
1212 2838 1327 2902 illa
1384 2839 1781 2921 permutatio
1845 2838 2100 2903 obviam
2160 2839 2251 2919 fit,
2314 2844 2542 2903 contra
2597 2839 2883 2921 priscum
2941 2838 3131 2904 illum

742 2948 808 3007 et
865 2941 1245 3026 popularem
1307 2963 1564 3007 versum
1625 2942 1989 3007 saturnium
2044 2964 2235 3025 quem
2288 2948 2525 3011 vocant
2584 2942 2841 3007 omnino
2898 2963 3132 3009 carere

685 3096 692 3101 .
739 3046 867 3111 hac
910 3045 1165 3110 dicendi
1213 3046 1468 3110 ratione
1515 3051 1582 3111 et
1632 3045 2009 3129 tragoedias
2051 3046 2386 3111 rarissima
2442 3046 2761 3129 praebere
2809 3045 3129 3129 exempla.

741 3149 855 3214 Sin
914 3155 1133 3215 autem
1198 3150 1569 3214 accuratius
1627 3149 2047 3231 inquiremuS,
2114 3149 2307 3213 huius
2373 3150 2470 3213 rei
2528 3149 2813 3213 radicem
2880 3150 3131 3214 inveni-

744 3274 925 3318 emus
999 3254 1064 3317 in
1137 3254 1281 3337 ipsa
1339 3252 1616 3335 linguae
1697 3252 1941 3317 latinae
2015 3257 2271 3317 natura.
2389 3252 2553 3317 Nam
2628 3251 2803 3335 quod
2875 3252 3129 3318 nullum

740 3361 975 3440 poetae
1037 3355 1438 3420 admiserunt
1497 3354 1815 3439 pluralem
1866 3356 2193 3439 poeticum
2252 3357 2318 3420 in
2378 3356 2671 3421 versibus
2718 3354 2912 3440 ‘quos
2970 3357 3128 3422 olim

685 3460 951 3525 'Fauni
1025 3465 1337 3542 vatesque
1409 3458 1779 3538 canebant',
1866 3460 1993 3525 hoc
2072 3480 2150 3524 ea
2224 3460 2303 3525 de
2380 3480 2579 3525 causa
2659 3460 2903 3525 factum
2982 3480 3129 3525 esse

742 3562 1001 3627 videtur
1046 3562 1220 3646 quod
1270 3569 1506 3646 poetae
1562 3563 1630 3626 in
1689 3563 1801 3627 illo
1846 3569 2073 3642 metr0,
2138 3584 2281 3629 cum
2342 3585 2422 3629 ex
2479 3563 2715 3629 iambis
2772 3565 3130 3647 praecipue

745 3671 812 3731 et
883 3666 1212 3731 trochaeis
1302 3671 1587 3746 constet,
1701 3665 1936 3750 quibus
2022 3667 2246 3749 lingua
2334 3667 2540 3731 latina
2622 3666 2797 3732 favet
2869 3672 3129 3747 natura,

743 3790 872 3834 non
928 3769 1308 3853 indigebant
1365 3769 1482 3835 tali
1535 3770 1817 3835 licentia.
1910 3770 2153 3835 Eodem
2199 3771 2391 3835 modo
2438 3771 2517 3835 de
2555 3771 2909 3853 tragoediis
2956 3770 3129 3835 iudi-

746 3872 1020 3938 candum
1071 3878 1185 3937 est.
1264 3873 1469 3938 Aliter
1500 3879 1719 3938 autem
1750 3896 1855 3939 res
1887 3896 1955 3939 se
1986 3874 2190 3939 habet
2218 3875 2285 3938 in
2318 3874 2713 3940 carminibus
2752 3873 3126 3957 dactylicis:

742 3976 965 4059 lingua
1007 3976 1214 4039 latina
1272 3978 1459 4056 enim,
1522 3998 1669 4041 cum
1729 3984 1967 4042 natura
2028 3977 2381 4043 abhorreat
2434 3998 2475 4042 a
2534 3983 2742 4042 metro
2802 3977 3127 4062 dactylico

745 4085 812 4145 et
854 4080 1274 4163 anapaestico
1324 4081 1550 4164 itaque
1588 4081 1906 4165 imprimis
1936 4082 2317 4146 hexametro
2351 4086 2417 4145 et
2445 4086 2858 4164 pentametro
2888 4080 3129 4145 idonea

744 4204 873 4247 non
941 4184 1056 4263 sit,
1127 4184 1370 4249 Ennius
1441 4184 1553 4268 qui
1626 4206 1882 4248 versum
1959 4184 2285 4249 heroicum
2357 4184 2643 4249 Graecos
2707 4185 3001 4250 imitatus
3058 4185 3129 4249 in

743 4287 1003 4352 Italiam
1074 4288 1443 4367 transtulit,
1508 4292 1574 4351 et
1631 4288 2027 4370 posteriores
2093 4293 2358 4370 poetae,
2434 4293 2508 4353 ut
2566 4287 2851 4369 linguam
2913 4293 3125 4352 metro

746 4390 1155 4474 adaptarent,
1214 4392 1564 4473 praecipue
1627 4389 1711 4453 ad
1771 4390 1841 4453 id
1904 4391 2176 4477 animos⁴
2204 4390 2540 4455 intendere
2586 4390 2929 4468 debebant,
2994 4411 3126 4473 quo

747 4493 938 4559 modo
999 4492 1332 4557 efficerent
1389 4498 1463 4557 ut
1518 4493 1800 4557 molliter
1844 4500 1911 4558 et
1957 4493 2287 4577 eleganter
2333 4515 2557 4559 versus
2613 4494 2937 4574 caderent,
2980 4494 3022 4559 i.
3070 4515 3124 4559 e.
