3325 5359
1667 353 2055 413 ...g-...-

583 503 588 507 ⁴
671 528 958 589 utuntur.
1064 522 1171 587 Sic
1229 521 1310 587 de
1369 518 1496 586 hac
1556 542 1628 585 re
1695 520 1988 585 iudicant
2046 520 2499 605 Draeger1)
2566 526 2634 585 et
2682 520 3049 607 Hailer2)

669 632 737 693 et
758 625 1308 712 Frobeniusss).
1372 625 1557 707 Quod
1590 626 2002 691 novissimam
2035 625 2557 693 dissertationem
2586 625 2759 691 hanc
2796 626 3049 708 attinet,

668 751 905 815 magna
953 735 1312 797 commotus
1357 752 1500 795 sum
1544 729 1993 811 admiratione,
2040 730 2383 813 quomod0,
2426 736 2777 815 postquam
2818 730 3050 797 Maasii

668 822 1126 903 commentatio
1171 836 1238 913 in
1282 835 1492 899 lucem
1538 834 1732 914 venit,
1784 832 1929 899 fieri
1981 835 2289 918 potuerit,
2344 840 2420 899 ut
2464 834 2631 899 tales
2688 835 3049 901 sententiae

664 941 1134 1026 proferrentur.
1207 936 1569 1003 Frobenius
1601 938 1769 1003 enim
1812 958 1931 1003 nos
1976 938 2061 1003 ad
2102 958 2213 1003 eos
2255 938 2567 1004 reducere
2600 943 2890 1021 conatur,
2934 940 3049 1023 qui

664 1043 905 1129 plurali
947 1044 1204 1129 poetico
1250 1043 1644 1126 peculiarem
1673 1042 1803 1107 vim
1848 1063 2213 1126 supponere
2244 1044 2485 1108 volunt.
2556 1043 2698 1122 Quo
2733 1043 2801 1108 in
2830 1043 3047 1109 studio

665 1148 790 1213 sibi
817 1148 945 1232 ipsi
971 1151 1269 1212 constare
1299 1145 1459 1211 mihi
1490 1146 1751 1230 quidem
1784 1166 1914 1212 non
1937 1146 2225 1212 videtur:
2264 1166 2657 1230 quamquam
2690 1147 3045 1213 sententias

665 1273 888 1318 eorum
919 1250 1282 1317 reiciendas
1313 1271 1455 1315 esse
1487 1254 1709 1315 censet
1741 1250 1853 1333 qui
1894 1249 2134 1334 plurali
2176 1250 2679 1334 pulchritudinis
2710 1256 2825 1317 aut
2853 1272 3044 1335 prae-

665 1356 949 1422 stantiae
978 1356 1106 1421 vim
1136 1355 1349 1421 inesse
1382 1353 1791 1420 arbitrantur
1810 1392 1899 1403 —
1922 1376 2116 1439 quam
2148 1356 2515 1439 opinionem
2548 1360 2761 1421 mente
2788 1360 3045 1421 tantum

662 1460 884 1526 fictam
931 1459 1090 1525 dicit
1131 1496 1235 1539 --,
1283 1464 1503 1524 tamen
1557 1459 1887 1524 notionem
1932 1460 2327 1525 extensionis
2369 1460 2667 1544 (regnum
2698 1498 2783 1507 —
2813 1460 3043 1543 regna)

660 1563 901 1649 plurali
968 1563 1355 1647 amplificari
1410 1582 1602 1647 posse
1662 1562 1788 1627 sibi
1845 1564 2189 1648 persuasit.
2279 1565 2583 1629 Auctoris
2639 1563 2841 1629 verba
2898 1564 3045 1648 ipsa

665 1666 902 1733 afferre
947 1666 1106 1732 mihi
1147 1666 1373 1733 liceat:
1426 1665 1608 1733 ‘dass
1655 1669 1759 1733 ein
1803 1667 1970 1751 plur.
2003 1667 2447 1751 praestantiae
2493 1667 2651 1733 oder
2683 1667 3043 1752 pulchritu-

662 1770 830 1836 dinis
861 1769 1474 1855 Phantasiegebilde
1521 1771 1684 1849 sind,
1729 1772 1816 1836 ist
1847 1770 2014 1836 ohne
2044 1772 2340 1837 weiteres
2384 1771 2772 1855 zuzugeben.
2840 1770 3045 1837 Sollte

659 1875 821 1940 aber
879 1874 995 1943 der
1053 1873 1378 1940 Numerus
1437 1874 1554 1940 der
1609 1873 1941 1940 Mehrheit
1997 1874 2179 1939 nicht
2242 1874 2565 1941 imstande
2624 1875 2789 1955 sein,
2856 1875 3041 1939 einen

659 1978 911 2063 Begriff
970 1977 1364 2044 raumlicher
1421 1978 1864 2061 Ausdehnung
1930 2001 2009 2043 zu
2075 1977 2572 2063 multiplizieren
2636 1978 2770 2044 und
2838 1978 3047 2045 damit

656 2084 1026 2168 gegeniiber
1056 2082 1200 2148 dem
1224 2082 1529 2165 Singular
1561 2084 1702 2147 eine
1727 2082 2171 2166 Erweiterung
2202 2083 2319 2147 der
2337 2082 2752 2166 Vorstellung
2781 2081 3044 2148 herbei-

657 2187 1020 2253 zuffihren‘?
1039 2187 1054 2214 ’
1089 2224 1170 2235 --·-
1204 2186 1444 2267 Quales
1477 2185 1967 2270 explanationes
2003 2207 2085 2251 ne
2124 2188 2190 2251 in
2233 2192 2565 2272 posterum
2606 2185 3042 2272 proferantur,

548 2324 554 2329 ·
656 2312 786 2356 non
844 2290 1072 2356 inutile
1131 2312 1274 2357 esse
1333 2311 1565 2355 censeo
1627 2291 1866 2356 iterum
1910 2290 2195 2356 breviter
2238 2290 2319 2355 de
2363 2289 2637 2373 pluralis
2693 2291 2935 2375 poetici
2978 2292 3043 2356 vi

657 2393 914 2460 formali
975 2396 1043 2459 in
1105 2394 1319 2478 capite
1389 2395 1687 2477 sequenti
1753 2415 1949 2478 agere
2016 2399 2083 2460 et
2147 2394 2595 2460 demonstrare
2664 2394 2901 2478 quibus
2960 2394 3041 2460 de

658 2498 872 2563 causis
917 2498 1151 2563 Maasii
1190 2497 1480 2562 definitio
1529 2499 1615 2563 sit
1658 2504 1858 2563 recta.

828 2622 863 2703 ξ
911 2624 968 2684 3.
1041 2620 1128 2684 Iis
1174 2620 1285 2702 qui
1328 2619 1568 2704 plurali
1613 2619 2008 2703 peculiarem
2038 2620 2165 2684 vim
2204 2618 2663 2684 insinuandam
2696 2639 2837 2684 esse
2867 2602 3041 2684 arbi-

655 2728 934 2804 trantur,
993 2726 1228 2807 poetae
1283 2724 1411 2807 ipsi
1457 2760 1541 2771 —-
1592 2744 1736 2789 meo
1781 2722 2041 2807 quidem
2098 2722 2338 2788 iudicio
2376 2763 2449 2771 —-
2485 2744 2803 2787 summum
2849 2743 3043 2806 argu-

656 2832 944 2892 mentum
1014 2832 1375 2911 opponunt,
1440 2848 1585 2891 cum
1643 2847 1773 2892 uno
1836 2826 2192 2909 eodemque
2248 2846 2441 2892 sensu
2484 2864 2571 2874 —
2614 2831 2689 2891 ut
2750 2827 3051 2910 exempla

664 2930 1031 3015 praemissa
1062 2929 1297 2995 docent
1326 2935 1392 2995 et
1419 2931 1646 3014 ingens
1692 2951 1998 2995 numerus
2044 2950 2285 3010 eorum,
2327 2951 2495 3014 quae
2540 2930 2606 2994 in
2649 2930 2862 2996 indice
2894 2936 3046 2996 sunt

660 3033 938 3099 collecta
962 3032 1291 3099 docebunt
1309 3072 1396 3083 -
1419 3034 1680 3118 saepius
1709 3033 1995 3099 eiusdem
2026 3034 2302 3099 nominis
2326 3040 2674 3117 utrumque
2701 3055 3041 3099 numerum

654 3138 723 3202 in
771 3137 997 3204 eodem
1029 3159 1219 3203 versu
1265 3144 1381 3203 aut
1419 3139 1486 3203 in
1533 3138 1739 3203 eoden
1768 3136 2116 3203 verborum
2162 3138 2439 3202 circuitu
2472 3137 2595 3201 sibi
2638 3139 3039 3221 permittant.

655 3241 996 3306 Accedunt
1040 3240 1170 3306 alia
1214 3247 1600 3324 argumenta
1646 3262 1815 3324 quae
1862 3243 1915 3306 si
1961 3262 2090 3305 non
2123 3242 2290 3305 tanti
2318 3243 2625 3305 momenti
2658 3248 2808 3308 sunt
2840 3247 3038 3326 atque
3130 3243 3132 3245 ’

631 3344 833 3426 illud,
898 3350 1117 3431 tamen
1182 3344 1430 3428 aliquid
1495 3344 1909 3409 auctoritatis
1975 3344 2222 3409 habere
2285 3364 2473 3407 nemo
2533 3363 2688 3409 sane
2750 3345 3037 3429 negabit.

654 3447 822 3513 Nam
873 3469 1120 3513 summo
1166 3449 1306 3513 iure
1338 3448 1735 3532 quaesiverit
1764 3447 2105 3532 quispiam,
2154 3468 2271 3512 cur
2307 3447 2677 3531 scriptores,
2720 3449 3039 3533 imprimis

650 3552 699 3617 ii
744 3571 1019 3635 quorum
1075 3552 1345 3636 propria
1389 3556 1488 3617 est
1545 3552 1717 3617 ratio
1780 3552 2065 3617 breviter
2110 3557 2308 3634 atque
2354 3550 2656 3616 distincte
2712 3553 3040 3618 scribendi

651 3654 829 3720 velut
871 3655 1186 3735 Caesaris,
1247 3654 1556 3736 Sallustii,
1613 3656 1717 3721 usi
1772 3676 1900 3720 non
1958 3656 2087 3719 sint
2141 3655 2267 3720 hoc
2322 3656 2677 3736 commodo,
2735 3655 3040 3721 videlicet

653 3779 782 3824 uno
827 3764 1082 3823 tantum
1129 3756 1536 3824 substantivo
1595 3758 1941 3844 pluraliter
2000 3759 2215 3842 posito
2260 3763 2361 3823 tot
2405 3764 2472 3824 et
2518 3764 2654 3825 tam
2700 3760 2884 3825 varia
2929 3782 3037 3825 ex-

650 3861 1094 3947 primendi?4)
1161 3862 1377 3927 Etiam
1417 3863 1542 3928 1100
1583 3862 1715 3928 illis
1745 3863 1901 3929 viris
1931 3862 2139 3928 doctis
2173 3862 2342 3928 obici
2386 3868 2622 3946 potest,
2670 3884 2786 3929 cur
2817 3863 3038 3929 multis

828 4053 880 4119 1)
916 4050 1130 4105 Histor.
1171 4050 1385 4121 Syntax
1421 4050 1456 4106 l
1471 4054 1492 4087 ²
1525 4054 1715 4107 5-22.

824 4140 878 4207 2)
914 4136 1178 4209 Beitrage
1228 4156 1326 4192 zur
1374 4138 1526 4193 Erkl.
1563 4138 1616 4193 d.
1654 4143 1805 4208 poet.
1841 4138 1988 4193 Plur.
2025 4140 2120 4194 bei
2156 4139 2208 4193 d.
2248 4146 2388 4194 rom.
2423 4137 2742 4209 Elegikern.
2814 4137 3038 4209 Gymn.-

648 4224 848 4295 Progr.
883 4223 1139 4295 Freising
1177 4226 1327 4279 1902.

822 4312 877 4379 3)
912 4310 1022 4365 Die
1060 4310 1275 4381 Syntax
1310 4311 1408 4366 des
1442 4311 1675 4366 Ennius.
1742 4311 2087 4381 Nordlinge'n
2125 4314 2277 4368 1910.
2313 4330 2368 4382 p.
2402 4312 2557 4366 5-9,

823 4400 878 4467 4)
915 4400 1056 4453 Oum
1105 4396 1194 4451 Fr.
1235 4396 1415 4468 Slotty
1451 4396 1784 4452 Lebretonis
1835 4402 1893 4452 et
1938 4397 2005 4452 Gr.
2042 4397 2361 4469 Landgrafii
2412 4398 2715 4452 sententias
2763 4400 3037 4469 reiecerit,

655 4484 793 4538 satis
830 4485 1009 4540 habeo
1048 4483 1298 4553 legentes
1335 4484 1406 4537 ad
1440 4484 1584 4538 hanc
1621 4484 1837 4539 dissert.
1874 4501 2140 4539 revocare
2176 4487 2250 4553 (p.
2286 4486 2446 4553 28s29
2483 4487 2547 4537 et·
2574 4482 2773 4553 36s37).
