3325 5359
1667 364 2100 425 -18-

695 535 779 601 ad
845 533 1446 600 circumlocutiones
1503 531 1650 598 illas
1711 532 2021 617 poeticas.
2123 534 2227 600 De
2280 554 2409 617 qua
2454 533 2779 601 locutione
2820 534 3069 615 Quinti-

691 640 904 705 lianus
949 638 1232 723 perbene
1279 637 1456 718 dicit,
1491 634 1866 701 ‘translatio
1916 636 2367 721 permovendis
2412 638 2643 703 animis
2688 639 3069 723 plerumque

693 748 761 807 et
805 742 1132 825 signandis
1176 740 1372 806 rebus
1419 762 1498 806 ac
1543 740 1661 806 sub
1709 740 1931 805 oculos
1976 740 2367 807 subiciendis
2413 749 2675 827 reperta
2720 742 2875 822 est’3
2926 763 3069 806 cum

693 852 1033 930 poetarum
1079 846 1369 929 ipsorum
1416 864 1711 909 sermone
1770 845 1855 909 sit
1896 845 2196 927 propria,
2256 866 2407 910 vere
2464 846 2723 929 poetica
2778 844 2939 918 mihi
2980 845 3070 909 vi-

694 950 885 1015 detur
929 970 1108 1015 esse:
1201 948 1470 1013 Accedit
1511 954 1604 1027 ut,
1651 948 1707 1012 si
1750 949 2121 1031 praeceptis
2164 947 2392 1031 logicis
2436 950 2615 1015 nisus
2661 952 3071 1031 argumenta-

692 1054 935 1119 tionem
995 1053 1226 1132 facieS‚
1287 1072 1418 1116 non
1473 1050 1891 1117 dubitaturus
1952 1052 2042 1116 sis
2087 1053 2241 1135 quin
2285 1051 2573 1136 plurales
2627 1053 2765 1118 eius
2819 1052 3071 1135 generis

695 1179 766 1223 re
809 1178 967 1223 vera
1010 1156 1251 1240 poetici
1293 1154 1711 1238 intellegendi
1742 1156 1887 1233 sint,
1934 1176 2329 1238 quamquam
2360 1157 2429 1219 in
2460 1157 2753 1221 oratione
2784 1154 3072 1239 pedestri

693 1262 841 1326 illas
887 1259 1491 1325 circumlocutiones
1537 1259 1795 1324 obviam
1836 1278 1963 1323 non
2010 1259 2171 1339 fieri,
2222 1260 2629 1343 potissimum
2668 1265 2899 1343 poetas
2927 1258 3073 1322 illas

696 1366 763 1429 in
810 1386 998 1429 usum
1043 1384 1278 1428 vocare
1325 1362 1808 1428 concedendum
1856 1368 1973 1427 est.
2081 1363 2208 1428 Sed
2254 1384 2333 1428 ea
2375 1364 2519 1446 ipsa
2564 1363 2644 1427 de
2690 1384 2889 1428 causa
2931 1362 3073 1445 plu-

697 1468 868 1533 rales
912 1467 1008 1531 illi
1049 1488 1170 1551 pro
1216 1468 1488 1549 poeticis
1531 1466 1817 1531 habendi
1863 1465 2020 1529 mihi
2071 1465 2371 1532 videntur
2416 1488 2574 1532 esse.
2651 1468 2845 1533 Hisce
2884 1487 3073 1550 prae-

701 1572 915 1636 missis
960 1570 1157 1654 paulo
1219 1571 1589 1636 accuratius
1637 1569 1935 1653 exempla
1974 1569 2090 1634 illa
2120 1571 2568 1641 ,examinemus
2627 1576 2823 1653 atque
2865 1570 3075 1653 inqui-

699 1696 937 1755 ramus,
984 1695 1112 1757 quo
1155 1674 1344 1739 modo
1390 1673 1623 1757 poetae
1661 1674 1745 1741 ad
1782 1675 1979 1738 talem
2027 1696 2232 1754 usum,
2282 1675 2395 1757 qui
2441 1694 2481 1739 a
2524 1675 2777 1739 ratione
2822 1673 3075 1739 dicendi

702 1778 991 1862 pedestri
1024 1778 1317 1857 discedit,
1361 1778 1807 1861 usurpandum
1840 1778 1971 1841 sint
2000 1776 2285 1841 adducti.
2359 1779 2765 1862 Quamquam
2799 1777 3075 1861 Slotty1)

698 1884 828 1947 iam
871 1882 1136 1947 uberius
1195 1881 1276 1946 de
1316 1882 1746 1947 translatione
1792 1879 2067 1964 ‘templa
2123 1877 2340 1945 deum'
2416 1883 2567 1964 egit,
2632 1888 2852 1947 tamen
2909 1880 3079 1945 hanc

701 2006 872 2065 rem,
933 2007 1077 2050 cum
1138 1984 1420 2049 habeam
1465 2006 1633 2068 quae
1682 1984 1951 2063 addam,
2016 1985 2254 2049 iterum
2313 1990 2601 2050 tractare
2648 1986 2805 2049 mihi
2862 1983 3076 2048 lice-at.

700 2090 886 2154 Duae
942 2088 1258 2172 imprimis
1317 2090 1677 2153 sententiae
1731 2087 2155 2172 proferuntur
2200 2088 2284 2153 ad
2344 2089 2769 2153 elocutionem
2807 2086 3081 2170 ‘templa

704 2189 890 2258 caeli’
945 2192 1414 2275 explicandam.
1505 2192 1717 2277 Slotty
1763 2192 1831 2275 (1.
1865 2214 1916 2257 c.
1950 2214 2012 2275 p.
2051 2194 2156 2276 19)
2204 2193 2633 2275 originatione
2679 2192 2853 2256 vocis
2890 2189 3083 2255 ‘tem-

701 2292 904 2380 plum’
975 2296 1152 2360 nisus
1209 2296 1837 2378 argumentationem
1890 2295 2052 2361 facit
2108 2297 2221 2375 ita,
2286 2301 2360 2359 ut
2401 2296 2633 2360 reiciat
2676 2316 2896 2362 eorum
2946 2296 3083 2378 opi-

702 2400 956 2465 nionem
1006 2400 1116 2482 qui
1163 2399 1242 2464 de
1289 2400 1453 2463 caeli
1497 2399 1656 2463 locis
1700 2398 2117 2464 interioribus
2164 2398 2577 2482 cogitandum
2626 2420 2766 2463 esse
2800 2405 3083 2463 censent.

705 2502 820 2567 Cui
869 2503 1312 2585 explanationi
1368 2502 1540 2567 idem
1600 2506 1796 2585 putat
1856 2502 2173 2567 obsistere
2220 2501 2394 2585 quod
2439 2523 2673 2566 nomen
2708 2498 3076 2585 ‘templum'

703 2606 1086 2691 plerumque
1148 2606 1560 2689 coniungitur
1605 2626 1750 2670 cum
1811 2604 2254 2671 addita-mento
2299 2603 2633 2684 ‘caerula’,
2697 2627 2823 2689 quo
2881 2606 3085 2688 impe-

703 2709 923 2774 diatur
981 2710 1192 2774 altera
1248 2709 1723 2792 interpretatio.
1780 2750 1845 2757 -
1904 2709 2021 2773 Cui
2066 2716 2449 2792 argumento
2494 2712 2712 2774 nescio
2758 2731 2841 2774 an
2886 2708 3087 2773 alter-

704 2835 846 2877 rum
910 2812 1064 2878 addi
1123 2814 1359 2896 possit,
1417 2813 1719 2877 nimirum
1769 2811 1968 2877 verba
2001 2810 2381 2877 ‘commixta
2436 2814 2639 2877 stellis
2698 2809 3079 2896 splendidis’

703 2926 817 3000 (sc.
865 2916 1136 3000 templa)
1196 2916 1350 2981 item
1415 2916 1500 2980 ad
1559 2917 1723 2981 caeli
1785 2916 1931 2981 loca
1991 2916 2305 2982 interiora
2343 2938 2469 2981 non
2517 2916 2861 3000 quadrare.
2956 2914 3087 2980 Sed

703 3020 868 3085 haec
930 3026 1316 3104 argumenta
1373 3041 1474 3085 me
1537 3020 1797 3102 quidem
1862 3018 2077 3084 iudice
2134 3040 2263 3084 non
2322 3019 2569 3085 habent
2627 3026 2876 3084 tantam
2941 3019 3087 3095 vim,
3202 3046 3207 3050 ·

705 3130 780 3188 ut
837 3124 1048 3189 altera
1105 3124 1559 3207 interpretatio
1620 3123 2023 3188 excludatur.
2128 3123 2340 3207 Slotty
2384 3143 2539 3205 ergo
2575 3122 2851 3206 ‘templa
2893 3119 3079 3187 caeli’

705 3248 833 3292 non
893 3228 1020 3291 nisi
1075 3227 1156 3291 ad
1222 3226 1772 3310 hemisphaerium
1832 3226 2175 3291 referenda
2234 3248 2377 3291 esse
2441 3226 2788 3292 contendit.
2879 3227 3089 3305 Quam

705 3332 1094 3395 sententiam
1153 3330 1363 3394 Varro
1407 3330 1578 3395 tueri
1627 3330 1883 3395 videtur
1939 3330 1978 3393 l.
2024 3330 2063 3393 l.
2112 3331 2227 3394 VII
2278 3336 2341 3394 7:
2396 3328 2466 3395 ‘a
2506 3330 2747 3395 tuendo
2808 3330 3091 3413 primum

705 3434 1019 3517 templum
1069 3433 1344 3512 dictum,
1390 3434 1697 3517 quocirca
1744 3433 2020 3511 caelum,
2069 3454 2200 3516 qua
2246 3434 2590 3511 attuimur,
2639 3433 2882 3498 dictum
2926 3438 3093 3498 tem-

704 3534 942 3620 plum'.
1027 3536 1152 3601 Sed
1201 3544 1448 3619 quanta
1492 3537 1803 3602 Varronis
1849 3536 2389 3620 originationibus
2440 3538 2799 3602 auctoritas
2844 3538 2928 3601 sit
2974 3536 3091 3600 tri-

705 3639 965 3703 buenda
1007 3660 1196 3703 nemo
1249 3646 1349 3704 est
1409 3641 1521 3722 qui
1559 3642 1810 3705 nesciat
1827 3640 1898 3723 2).
2006 3640 2155 3705 Mea
2198 3639 2457 3722 quidem
2501 3641 2829 3704 sententia
2873 3639 3093 3703 nullus

705 3742 898 3807 homo
929 3742 1277 3823 Romanus,
1326 3764 1469 3807 cum
1502 3743 1749 3825 legeret
1782 3744 1897 3808 illa
1927 3742 2145 3821 verba,
2180 3744 2673 3826 originationem
2705 3744 2769 3806 in
2810 3750 3093 3807 mentem

707 3844 834 3909 sibi
876 3847 1222 3909 revocavit.
1313 3846 1493 3925 Quae
1539 3867 1683 3911 cum
1724 3848 1820 3910 ita
1866 3847 2011 3926 sint,
2060 3845 2140 3910 ad
2191 3846 2424 3931 Slottyi
2474 3848 2859 3917 sententiam
2906 3866 3098 3910 acce-

709 3948 866 4012 dere
907 3969 1036 4013 non
1081 3968 1440 4032 possumus.
1531 3950 1943 4032 Inquiramus
1992 3970 2164 4030 ergo,
2219 3954 2437 4015 utrum
2484 3950 2693 4015 altera
2739 3949 3097 4034 explicatio

707 4051 919 4115 locum
978 4052 1223 4117 habeat
1281 4073 1364 4115 an
1423 4054 1682 4118 omnino
1743 4053 1823 4116 de
1864 4053 1990 4118 hac
2034 4060 2376 4136 poetarum
2424 4054 2705 4120 dictione
2766 4053 2927 4117 nihil
2969 4075 3099 4137 pro

884 4243 932 4308 l)
971 4240 1040 4313 L..
1074 4258 1121 4295 c.
1167 4245 1240 4294 19.
1313 4240 1386 4295 Κ.
1427 4240 1490 4293 F.
1528 4241 1833 4309 Hermann,
1888 4242 2310 4297 Gottesdienstl.
2357 4243 2702 4297 Altertiimer
2738 4244 2790 4295 d.
2829 4242 3053 4296 Griech.
3084 4246 3107 4277 ²

710 4328 824 4380 101.
866 4328 980 4380 108.
1053 4326 1267 4395 Nissen,
1305 4328 1357 4380 d.
1396 4326 1705 4396 Templum,
1742 4327 1891 4381 Berl.
1932 4330 2079 4381 1869.
2151 4329 2460 4396 Botticher,
2500 4328 2779 4382 Tektonik
2812 4332 2863 4390 4,
2901 4330 2985 4380 23.

881 4413 936 4481 2)
975 4412 1086 4466 cfr.
1129 4412 1369 4483 exempli
1407 4430 1574 4467 causa
1611 4414 1888 4481 quomodo
1928 4413 2107 4469 Varro
2143 4416 2198 4468 in
2234 4434 2277 4469 r.
2315 4433 2356 4468 r.
2394 4414 2425 4468 I
2461 4417 2511 4482 2,
2552 4418 2617 4468 14
2652 4416 2719 4467 de
2758 4416 2845 4467 via
2885 4419 2939 4467 et
2960 4415 3103 4469 villa

709 4499 1029 4555 udicaverit.
