3325 5359
1183 348 1616 409 -15-

211 522 420 581 metro
449 516 744 600 poscitur
775 521 849 564 -'—
899 515 1202 580 attributi
1235 536 1453 595 causa,
1501 521 1578 579 ut
1606 515 1910 599 exempla
1943 515 2253 581 nonnulla
2299 515 2597 582 afferam:

214 620 323 686 Ov.
371 640 498 685 am.
543 619 636 684 ΠΙ
671 623 883 698 10,18
933 616 1220 683 ‘viduum
1269 617 1350 702 p.’
1398 639 1519 702 pro
1568 617 1842 684 ‘vidua'.
1889 619 2073 703 epist.
2119 618 2209 686 IV
2255 624 2335 684 23
2373 602 2591 685 ‘'rude’'

207 745 333 807 ⁴pro
390 719 656 788 ‘rudia'.
767 722 861 786 IX
924 726 1038 786 161
1097 720 1452 802 ‘avidum’3
1524 722 1638 786 cfr.
1709 721 1919 788 avida.
2010 721 2079 786 Si
2134 723 2329 805 plura
2381 727 2595 806 poscis

215 826 528 910 exempla,
573 825 794 891 videas
840 845 1083 908 quaeso
1128 825 1438 907 indicem3
1504 825 1630 890 hoc
1674 825 1821 890 loco
1877 846 2076 891 unum
2120 830 2377 891 tantum
2424 847 2597 891 com-

211 951 529 996 memoro:
590 930 701 995 Ov.
762 929 912 994 fast.
969 929 1064 992 III
1131 935 1248 994 771
1303 928 1540 995 ‘restat
1602 934 1678 995 ut
1741 929 2057 994 inveniam
2130 949 2335 1012 quare
2398 934 2597 1014 toga

175 1033 496 1099 'libera
561 1032 752 1098 detur
798 1083 812 1098 .
855 1081 868 1096 .
914 1029 1249 1117 pueris'.
1351 1032 1713 1117 Singularis
1775 1032 2093 1115 generalis
2162 1038 2397 1117 poetae
2468 1054 2597 1098 non

213 1137 418 1202 solum
465 1142 734 1221 propter
780 1137 1254 1202 substantivum
1297 1142 1440 1202 erat
1485 1136 1913 1219 gratissimae,
1962 1136 2136 1219 quod
2180 1137 2597 1220 singulariter

211 1241 496 1324 perbene
555 1241 791 1306 thesim
863 1241 1114 1325 explet,
1182 1241 1294 1306 sed
1360 1241 1679 1324 imprimis
1746 1239 2051 1305 attributi
2116 1261 2343 1322 causa,
2423 1240 2596 1324 quod

202 1345 556 1428 pluraliter
601 1345 860 1410 omnino
903 1349 1112 1409 metro
1159 1345 1464 1428 adaptari
1507 1344 1734 1426 nequit
1779 1341 2153 1429 (libera‘e').

386 1447 635 1526 Quibus
667 1447 978 1531 exemplis
1009 1448 1170 1513 satis
1194 1447 1709 1513 demonstratum
1738 1447 1896 1512 mihi
1922 1446 2179 1512 videtur
2198 1467 2337 1512 esse
2365 1452 2595 1530 poetas

214 1551 578 1636 promiscue
625 1557 691 1617 et
734 1552 1054 1636 pluralem
1087 1557 1154 1617 et
1185 1551 1578 1635 singularem
1622 1551 1690 1614 in
1734 1573 1923 1616 usum
1969 1571 2206 1616 vocare
2251 1556 2447 1634 prout
2488 1551 2597 1616 hic

214 1655 316 1720 vel
361 1654 470 1719 ille
507 1676 813 1721 numerus
859 1655 1411 1721 accommodatior
1454 1654 1595 1720 fuit.
1672 1655 1759 1718 Et
1802 1654 1859 1718 si
1904 1654 2121 1719 omnia
2153 1675 2322 1736 quae
2365 1652 2488 1719 hoc
2528 1655 2596 1719 in

218 1759 431 1842 capite
480 1764 632 1824 sunt
676 1759 990 1842 exposita,
1038 1760 1284 1824 maiore
1326 1759 1662 1841 diligentia
1705 1758 1961 1840 legeris,
2009 1778 2257 1823 summo
2315 1758 2457 1824 iure
2497 1759 2596 1838 iis,

215 1863 328 1946 qui
368 1863 539 1927 inter
569 1862 959 1946 singularem
995 1868 1061 1928 et
1100 1863 1420 1946 pluralem
1461 1861 1726 1945 aliquod
1762 1882 1987 1927 sensus
2023 1861 2369 1926 discrimen
2398 1862 2597 1926 inter-

216 1966 447 2030 cedere
511 1966 938 2044 contendunt,
1001 1987 1330 2050 opponere
1396 1967 1642 2050 poteris
1712 1965 2203 2049 significationis
2263 1965 2423 2030 illud
2468 1964 2595 2030 dis-

217 2071 462 2134 crimen
509 2091 664 2152 ergo
711 2070 970 2136 casibus
1015 2091 1156 2135 esse
1201 2071 1604 2148 adstrictum,
1667 2091 1813 2134 cum
1856 2069 2199 2134 nonnullos
2250 2068 2597 2151 singularis

216 2195 406 2238 casus
451 2180 722 2257 propter
765 2175 954 2240 metri
998 2175 1288 2240 rationes
1331 2179 1564 2258 poetae
1623 2175 1689 2236 in
1735 2195 1922 2238 usum
1980 2193 2211 2237 vocare
2253 2177 2597 2255 nequeant.

215 2277 456 2342 Contra
525 2278 1010 2344 observationes
1076 2277 1503 2362 comprobant
1563 2277 1630 2341 in
1702 2277 1925 2341 eodem
1988 2297 2179 2341 versu
2240 2269 2597 2360 eademque

215 2380 562 2446 verborum
611 2382 1212 2466 comprehensione,
1273 2387 1346 2446 ut
1388 2382 1520 2445 iam
1565 2402 1765 2464 supra
1813 2380 2109 2460 diximuS,
2171 2384 2399 2462 poetas
2444 2400 2595 2444 usos

215 2504 356 2548 esse
397 2484 504 2549 hic
549 2485 862 2569 singulari
906 2485 1040 2550 illic
1081 2485 1323 2568 plurali
1370 2505 1513 2548 cum
1559 2485 1638 2549 de
1686 2485 1912 2549 eadem
1958 2504 2029 2548 re
2074 2489 2211 2548 tum
2256 2483 2323 2547 in
2367 2483 2592 2547 eodem

213 2587 549 2654 vocabu10.
638 2589 832 2654 Metri
875 2589 1077 2672 igitur
1121 2589 1574 2654 necessitatem
1620 2594 1849 2671 poetas
1900 2588 2207 2670 coegisse,
2246 2594 2319 2650 ut-
2361 2587 2477 2650 illa
2519 2585 2593 2650 li-

129 2733 135 2737 -
218 2692 434 2756 centia
512 2697 886 2773 uterentur,
962 2693 1389 2758 certissimum
1467 2698 1582 2757 est.
1732 2691 2066 2756 Accedunt
2136 2696 2349 2755 autem
2430 2689 2597 2755 aliae

222 2815 458 2860 causae
522 2816 722 2877 quae,
780 2817 1174 2879 quamquam
1233 2816 1361 2862 non
1408 2795 1633 2860 eadem
1695 2801 1846 2860 sunt
1908 2795 2319 2873 auctoritate,
2379 2800 2593 2858 tamen

219 2898 465 2980 aliquid
510 2899 578 2962 in
617 2905 956 2983 poetarum
1005 2920 1298 2964 sermone
1329 2899 1608 2964 valuisse
1655 2903 1912 2963 constat
1950 2936 2019 2948 —
2074 2898 2377 2963 videlicet
2416 2903 2594 2981 post-

218 3022 413 3085 quam
460 3023 617 3066 usus
662 3002 934 3086 pluralis
977 3003 1219 3086 poetici
1264 3002 1681 3066 mediocriter
1741 3000 2013 3066 diffusus
2060 3007 2175 3066 est.
2236 3040 2323 3049 -
2378 3000 2595 3065 Primo

222 3106 366 3170 loco
411 3105 806 3171 nominanda
850 3112 1000 3170 sunt
1042 3111 1396 3190 praecepta
1444 3103 1807 3188 euphonica
1864 3103 2099 3186 quibus
2156 3104 2461 3184 efficitur,
2523 3109 2597 3168 ut

213 3210 423 3274 maior
465 3209 584 3273 fiat
631 3231 933 3275 versuum
983 3209 1326 3292 elegantia.
1417 3208 1693 3290 Saepius
1738 3208 1907 3273 enim
1963 3228 2357 3290 quamquam
2412 3206 2591 3272 nulla

216 3333 418 3378 causa
473 3313 746 3378 metrica
801 3319 1031 3397 poetas
1093 3311 1522 3396 impediebat,
1590 3312 1745 3394 quin
1806 3311 2200 3394 singularem
2260 3305 2593 3397 ponerent,

216 3422 436 3482 tamen
475 3417 791 3500 pluralem
854 3417 1306 3500 praetulerunt
1363 3416 1496 3481 sive
1558 3415 1731 3499 quod
1786 3415 1913 3480 hoc
1972 3437 2239 3481 numero
2298 3417 2592 3483 adhibito

217 3521 578 3603 elegantius
635 3524 700 3586 et
761 3521 1014 3586 mollius
1057 3542 1282 3586 versus
1330 3518 1610 3585 cadebat
1655 3521 1787 3584 sive
1846 3519 2019 3603 quod
2076 3540 2151 3584 eo
2196 3525 2593 3606 κακοφωνία

218 3624 550 3689 vitabatur
607 3645 775 3707 quae
823 3625 1145 3690 audientis
1191 3646 1382 3689 aures
1429 3623 1699 3688 offendit
1760 3623 1963 3706 (velut
2007 3625 2117 3688 Ae.
2164 3625 2252 3689 VI
2302 3627 2425 3692 154
2471 3623 2595 3689 ‘sic
2719 3702 2726 3707 ὓ

220 3727 477 3790 demum
545 3727 727 3793 lucos
786 3728 1042 3812 Stygios
1088 3778 1101 3793 .
1135 3725 1162 3792 .'
1226 3727 1498 3812 pluralis
1554 3728 1849 3811 poeticus
1917 3732 2149 3792 ut-um
2218 3728 2592 3793 terminatio

216 3834 320 3895 ter
364 3831 646 3913 repetita
707 3831 1107 3916 evitaretur).
1212 3832 1425 3896 Etiam
1474 3835 1745 3914 propter
1801 3831 2332 3914 perspicuitatem
2394 3832 2593 3896 inter-

220 3933 374 3998 dum
419 3934 630 4017 poetis
674 3933 945 4016 pluralis
983 3935 1277 4019 poeticus
1310 3933 1766 4001 ‘incommodus
1812 3955 1940 3999 non
1984 3939 2143 3998 erat.
2223 3933 2388 3999 Nam
2434 3955 2592 3999 non-

216 4037 410 4102 nullis
469 4036 905 4121 singularibus
958 4039 1316 4103 coniunctis
1376 4059 1570 4122 saepe
1633 4059 1739 4103 res
1799 4043 1898 4102 est
1956 4037 2237 4102 difficilis
2297 4037 2380 4103 ad
2424 4039 2589 4102 iudi-

216 4141 494 4206 candum
538 4143 748 4224 primo
781 4141 1030 4222 obtutu,
1079 4163 1206 4225 quo
1258 4142 1448 4207 modo
1482 4141 1683 4207 verba
1728 4142 1860 4206 sint
1906 4141 2367 4224 componenda.
2448 4143 2589 4207 Non

215 4245 312 4309 ita
355 4266 508 4308 rara
566 4249 916 4310 occurrunt
975 4246 1272 4329 exempla
1332 4267 1499 4328 quae
1556 4246 2003 4310 demonstrant
2066 4245 2383 4328 pluralem
2436 4268 2591 4330 poe-

213 4349 413 4413 ticum
470 4350 751 4431 positum
815 4370 956 4414 esse
1013 4355 1284 4433 propter
1352 4350 1869 4414 concinnitatem.
1990 4349 2204 4412 Etiam
2264 4352 2591 4414 contraria

213 4453 384 4517 ratio
431 4452 633 4518 valet:
697 4453 970 4538 pluralis
1014 4455 1308 4538 poeticus
1353 4459 1710 4537 usurpatur
1752 4454 1923 4518 inter
1965 4452 2327 4536 complures
2373 4455 2588 4539 singu-

2797 981 2860 1063 >C
