3325 5359
1690 342 2123 403 -20-

716 516 781 578 et
827 511 1092 576 cottidie
1137 510 1233 577 sol
1278 511 1607 577 enascitur
1639 509 1865 575 ‘limen
1896 510 2081 575 solis’
2116 510 2486 595 appellatur
2508 509 2577 596 1).
2661 513 2841 591 Quae
2887 517 3099 577 trans-

714 615 872 680 latio
919 616 1002 680 ad
1047 614 1400 679 Homerum
1443 613 1789 679 referenda
1846 619 1946 678 est
1992 615 2102 697 qui
2166 615 2245 679 de
2310 615 2473 679 caeli
2521 615 2739 680 limine
2800 621 2867 680 et
2909 622 3101 699 porta

708 719 1000 802 loquitur
1060 719 1125 783 in
1185 718 1256 782 Il.
1321 721 1390 782 A.
1453 724 1572 783 591
1639 720 1792 803 ῥῖψε
1852 716 2059 797 ποδὸς
2116 718 2417 805 τεταγὼν
2478 715 2611 787 ἀπὸ
2680 724 2894 805 βηλοῦ
2950 728 3101 788 θεσ-

710 826 967 890 πεσίοιο
1033 828 1100 886 et
1161 823 1213 885 E
1265 827 1387 898 749
1459 819 1829 908 αὐτόμαται
1898 823 1969 891 δὲ
2028 822 2231 889 πύλαι
2300 822 2519 909 μύκον
2598 819 2915 907 οὐρανοῦ.
3010 824 3105 889 De

711 926 864 991 solis
923 930 1118 1009 porta
1179 925 1295 990 Od.
1339 952 1390 993 ω
1445 931 1520 990 12
1581 922 1730 1010 παρ’
1796 922 2043 1011 ἠελίοιο
2097 926 2324 1006 πύλας.
2430 928 2572 1006 Qua
2628 928 2693 991 in
2762 948 2833 991 re
2876 934 3105 1011 poetas

712 1030 1038 1095 Romanos
1069 1029 1423 1094 Homerum
1471 1035 1728 1094 secutos
1770 1050 1911 1095 esse
1942 1031 2050 1094 vix
2096 1036 2195 1095 est
2240 1050 2360 1095 cur
2388 1051 2783 1095 moneamus.
2858 1032 3125 1097 Ennius,

680 1135 803 1227 ‘in‘
829 1136 881 1199 A
928 1139 1050 1199 615
1105 1134 1237 1217 (V.)
1287 1139 1352 1197 et
1397 1154 1541 1197 eum
1589 1132 1674 1197 ad
1720 1132 1985 1197 verbum
2030 1135 2323 1199 imitatus
2372 1134 2697 1218 Vergilius
2757 1135 2824 1197 in
2871 1154 2967 1216 ge.
3013 1135 3105 1198 111

717 1242 836 1302 261
890 1238 1117 1302 dicunt
1149 1234 1373 1320 ‘porta
1415 1241 1603 1302 tonat
1648 1237 1873 1318 caeli’3
1920 1237 2217 1302 similiter
2249 1238 2494 1303 Ennius
2536 1238 2603 1302 in
2648 1238 2849 1321 epigr.
2881 1238 2970 1304 IV
3003 1243 3108 1303 24.

718 1341 1163 1407 Accius-novit
1184 1338 1410 1405 ‘limen
1443 1340 1634 1404 caeli‘
1665 1340 1731 1404 in
1761 1346 1929 1423 trag.
1960 1346 2101 1405 531.
2148 1342 2289 1421 Quo
2322 1362 2514 1407 sensu
2539 1341 2831 1406 Catullus
2861 1342 3110 1424 primns

717 1446 1061 1530 pluraliter
1106 1465 1325 1509 vocem
1362 1442 1610 1509 ‘limen’
1659 1443 1925 1508 exhibet
1973 1450 2073 1523 64,
2117 1450 2235 1509 271
2276 1443 2563 1511 ‘Aurora
2605 1495 2618 1510 .
2652 1494 2665 1509 .
2714 1444 2835 1509 sub
2883 1445 3109 1509 limina

717 1548 993 1631 sol'is’2).
1033 1585 1102 1597 —
1156 1548 1300 1626 Qua
1343 1547 1624 1612 dictione
1688 1548 1883 1611 etiam
1938 1547 2205 1613 Ovidius
2251 1570 2405 1613 usus
2456 1554 2554 1614 est
2596 1549 2765 1613 trist.
2797 1548 2855 1613 V
2891 1553 2988 1627 ll,
3020 1554 3104 1613 25

710 1651 905 1717 ‘caeli
953 1652 1076 1717 tibi
1117 1650 1344 1715 limina
1388 1649 1744 1715 claudant’.
1814 1650 1897 1714 Et
1938 1649 2357 1733 singulariter
2402 1650 2629 1715 eodem
2676 1672 2869 1716 sensu
2909 1651 3108 1715 Silius

716 1756 862 1821 Ital.
923 1754 1418 1820 translationem
1477 1753 1654 1817 illam
1717 1753 1983 1818 exhibet
2041 1754 2095 1818 V
2149 1759 2229 1819 25
2295 1751 2629 1819 ‘Tithonia
2686 1756 2964 1819 coniunx
3026 1804 3039 1817 .
3095 1805 3108 1818 .

716 1860 1064 1941 stabatque
1109 1859 1321 1923 nitens
1365 1858 1433 1921 in
1474 1858 1695 1922 limine
1755 1858 1965 1941 primo
1999 1908 2012 1921 .
2048 1854 2089 1921 .’
2188 1858 2477 1923 Eandem
2524 1880 2749 1923 versus
2802 1859 3110 1923 termina-

718 1964 959 2028 tionem
1003 1962 1070 2026 in
1115 1961 1355 2045 Vergil.
1405 1963 1512 2026 Ae.
1562 1962 1651 2028 VI
1697 1967 1821 2026 427
1868 1962 2246 2026 invenimus.
2336 1962 2551 2026 Etiam
2602 1960 2732 2026 alio
2779 1962 2919 2026 loco
2966 1962 3113 2026 Silii

702 2067 862 2133 ‚Ital.
895 2066 1258 2130 immutatio
1293 2054 1725 2148 cognoscitur,
1757 2067 2061 2130 nimirum
2094 2066 2244 2130 XVI
2277 2071 2399 2131 299
2423 2064 2687 2131 ‘novum
2720 2118 2733 2133 .
2758 2116 2771 2129 .
2806 2065 3117 2149 pariebat

719 2170 938 2235 limine
996 2170 1209 2252 primo
1257 2168 1612 2252 Egrediens
1659 2172 1915 2233 Aurora
1959 2165 2175 2235 diem’.
2267 2169 2392 2248 Qui
2448 2168 2631 2233 locus
2676 2190 2821 2233 cum
2874 2168 3111 2251 Vergil.

721 2276 777 2339 A
826 2274 913 2336 VI
959 2278 1080 2338 255
1131 2274 1496 2355 comparari
1541 2278 1776 2356 potest,
1835 2272 1947 2337 ubi
1995 2279 2207 2337 extat:
2253 2271 2434 2337 ‘ecce
2482 2278 2697 2337 antem
2752 2272 2945 2355 primi
2988 2271 3117 2335 sub

718 2377 947 2442 limina
990 2377 1145 2441 solis
1193 2383 1259 2439 et
1303 2376 1612 2460 ortus’3).
1688 2377 1763 2440 In
1807 2376 1937 2440 illis
1983 2375 2249 2441 vocibus
2305 2376 2515 2441 inesse
2577 2374 2893 2459 pluralem
2958 2395 3117 2458 poe-

720 2481 922 2545 ticum
988 2500 1108 2563 ego
1170 2479 1430 2562 quidem
1494 2479 1887 2545 contendere
1946 2479 2155 2544 audeo
2216 2480 2612 2561 argumentis
2674 2480 2853 2543 nisus
2912 2500 3119 2561 supra

723 2583 1202 2649 demonstratis.

895 2687 1081 2751 Nunc
1143 2687 1273 2750 iam
1342 2686 1749 2769 inquiramus
1818 2687 1995 2751 aliud
2054 2708 2261 2774 genus
2322 2684 2691 2770 pluralium,
2761 2706 2922 2768 quos
2976 2706 3119 2768 ,ego

724 2792 983 2874 quidem
1022 2790 1316 2873 poeticos
1361 2812 1502 2855 esse
1547 2790 1713 2869 vole,
1763 2811 2157 2875 quamquam
2203 2789 2495 2854 nonnulli
2540 2790 2663 2854 viri
2704 2789 2879 2854 docti
2912 2789 3121 2873 (velut

723 2895 1038 2977 Maasius)
1107 2914 1217 2958 eos
1301 2895 1367 2958 in
1450 2895 1941 2977 quaestionibus
2020 2894 2099 2959 de
2164 2893 2402 2977 plurali
2476 2894 2731 2977 poetico
2797 2894 3119 2958 institutis

728 2997 1118 3063 omittendos
1165 3019 1305 3062 esse
1357 3004 1620 3063 censent
1677 2998 1903 3063 eadem
1951 2998 2031 3063 de
2078 3018 2277 3063 causa
2334 3018 2465 3080 qua
2508 2997 3117 3061 circumlocutiones

725 3102 1180 3184 neglexerunt,
1244 3102 1546 3167 videlicet
1608 3123 1685 3167 eo
1751 3102 1925 3185 quod
1985 3102 2265 3166 facultas
2326 3120 2436 3165 eos
2499 3100 2919 3184 comparandi
2966 3120 3118 3164 cum

903 3241 952 3299 1)
995 3238 1180 3308 Slotty
1215 3258 1270 3307 p.
1310 3242 1392 3293 19.

899 3328 954 3393 2)
994 3324 1090 3379 Sic
1128 3326 1486 3379 scribendum
1530 3343 1649 3379 esse
1704 3356 1771 3365 -—
1824 3344 1935 3380 non
1970 3322 2218 3379 ‘lumina'
2262 3325 2445 3395 Slotty
2493 3342 2547 3394 p.
2590 3327 2653 3378 18
2698 3328 2755 3377 et
2796 3323 3120 3378 Friedricus

725 3416 784 3467 in
821 3416 1120 3467 comment.
1159 3410 1359 3466 Catull.
1397 3412 1468 3465 ad
1503 3412 1556 3466 h.
1593 3412 1629 3464 1.
1669 3414 1985 3467 ostendunt.

898 3500 950 3566 3)
988 3498 1220 3565 Limina,
1257 3516 1364 3551 non
1390 3498 1596 3551 lumina
1618 3498 1917 3569 legendum
1944 3517 2065 3554 esse
2088 3504 2241 3553 recte
2265 3502 2458 3553 monet
2482 3496 2711 3551 Norden
2736 3498 2791 3550 in
2819 3502 3117 3551 comment.

727 3585 798 3638 ad
832 3585 966 3653 h.1.‚
1012 3586 1170 3638 cuius
1206 3585 1312 3637 viri
1349 3584 1657 3638 doctissimi
1697 3587 1972 3640 sententia
2009 3586 2275 3655 exemplis
2315 3586 2371 3638 in
2408 3584 2590 3637 indice
2634 3588 2825 3637 nostro
2866 3584 3119 3637 collectis

727 3672 897 3724 etiam
951 3670 1323 3737 confirmatur,
1363 3687 1489 3723 cum
1526 3672 1600 3723 sit
1633 3670 1802 3724 lectio
1848 3670 2143 3735 difficilior,
2193 3672 2357 3725 videl.
2392 3667 2642 3723 ‘limina’.
2714 3667 2901 3722 Pauca
2936 3669 3117 3722 habeo

730 3774 870 3824 quae
907 3757 975 3809 ad
1014 3774 1078 3810 ea
1131 3773 1270 3824 quae
1324 3757 1391 3810 de
1441 3756 1801 3811 translatione
1851 3753 2059 3810 ‘limina
2103 3756 2262 3810 solis'
2298 3756 2507 3825 protuli
2556 3756 2769 3809 addam.
2841 3753 2953 3808 Per
2989 3773 3117 3808 ana-

727 3842 935 3911 logiam
971 3842 1118 3896 illius
1153 3842 1556 3895 immutationis
1592 3842 1729 3895 illud
1763 3843 2016 3897 Lucretii
2049 3841 2244 3896 fictum
2282 3847 2390 3897 est:
2428 3840 2637 3896 ‘limina
2671 3842 2795 3895 leti’
2838 3841 2924 3894 VI
2965 3844 3119 3895 1208.

730 3928 844 3983 Sed
884 3929 952 3981 de
990 3928 1182 3981 eadem
1217 3946 1276 3981 re
1325 3928 1617 3997 singularis
1670 3946 1890 3997 quoque
1945 3929 2165 3982 obvia-m
2214 3928 2277 3981 fit
2322 3928 2588 3983 videlicet
2637 3929 2906 3983 ablativus
2958 3928 3120 3996 isque

727 4016 762 4067 i.
799 4013 870 4067 V.
908 4033 961 4084 p.
1001 4012 1065 4071 II
1103 4017 1206 4067 960
1239 4009 1357 4068 ‘leti
1392 4015 1503 4067 iam
1551 4014 1740 4067 limine
1792 4015 1859 4067 ab
1903 4014 2080 4083 ipso’3
2123 4015 2313 4068 eadem
2363 4016 2532 4069 verba
2570 4013 2658 4067 VI
2697 4017 2847 4068 1208.
2917 4012 3123 4067 Restat

729 4105 793 4153 ut
846 4100 1038 4153 similis
1094 4100 1424 4154 elocutionis
1476 4101 1822 4154 mentionem
1881 4100 2147 4153 faciamus
2208 4118 2347 4168 quae
2407 4102 2542 4154 item
2596 4101 2665 4153 ad
2716 4101 2959 4154 Graecos
3016 4118 3121 4153 nos

727 4186 962 4241 reducit.
1034 4185 1204 4255 Apud
1242 4186 1567 4241 Lucretium
1621 4187 1769 4239 enim
1814 4187 2048 4254 legimus
2087 4186 2187 4238 III
2224 4190 2289 4239 67
2324 4184 2440 4240 ‘leti
2476 4186 2709 4255 portas’,
2764 4204 2903 4254 quae
2928 4179 3120 4239 'dictio

729 4275 951 4341 spectat
1005 4271 1074 4325 ad
1128 4272 1362 4326 Homeri
1414 4274 1586 4327 Αἴδαο
1638 4266 1827 4326 πύλαι.
1908 4270 2125 4326 Eodem
2179 4291 2341 4326 sensu
2394 4273 2692 4326 Lucretius
2748 4274 2925 4325 utitur
2977 4289 3121 4326 voce

730 4355 912 4427 ianua,
969 4359 1066 4412 sed
1120 4360 1470 4428 singulariter
1523 4358 1773 4427 (pluralis
1829 4359 1976 4411 enim
2030 4360 2297 4412 creticum
2350 4359 2522 4413 efficit
2568 4353 2846 4426 ‘ianflae’),
2902 4357 2933 4410 I
2988 4360 3122 4411 1112

728 4437 911 4498 ‘ianua
959 4444 1100 4499 leti’.
1175 4444 1298 4498 Iam
1348 4444 1574 4498 Plautus
1627 4446 1876 4498 similiter
1914 4444 2052 4498 dicit
2104 4446 2161 4499 in
2208 4445 2413 4499 Bacch.
2451 4447 2551 4499 367
2602 4440 2829 4505 ‘aperite
2882 4461 3121 4514 propere

730 4532 952 4587 ianuam
988 4532 1130 4587 hanc
1167 4530 1339 4587 Orei'.
