3325 5359
1187 305 1619 365 —39—

209 475 486 542 candum
531 480 631 542 est
675 473 754 541 de
798 482 947 542 met.
993 476 1086 540 IX
1132 482 1254 544 529
1315 474 1667 558 ‘verbaque
1714 474 2025 538 correctis
2078 473 2365 539 incidere
2433 474 2594 543 talia

209 581 414 660 ceris’,
468 580 584 645 cfr.
625 585 750 648 565
797 581 878 646 de
921 581 1148 648 eadem
1193 580 1474 664 epistula
1520 578 1734 665 ‘plena
1775 579 2043 662 reliquit
2078 577 2245 644 Cera
2287 574 2589 644 manum’.

206 685 300 749 IX
359 690 484 750 922
554 685 805 751 ‘dextra
883 691 1065 752 tenet
1121 686 1387 763 ferrum,
1474 703 1746 748 vacuam
1813 689 1993 748 tenet
2056 683 2269 748 altera
2337 683 2593 748 ceram’.

208 788 450 854 Contra
493 787 720 856 eodem
767 811 960 855 sensu
1009 793 1132 854 929
1180 787 1530 871 ‘verbaque
1575 786 2235 872 concretisvincidere
2280 836 2335 852 ..
2392 783 2568 854 ceris’
2581 837 2596 867 ,

205 892 320 956 ubi
381 891 728 976 singularis
802 892 1058 958 dativus
1123 891 1587 976 synaloepham
1654 889 1994 956 effecisset.
2113 891 2357 957 Eadem
2424 891 2595 956 ratio

204 996 374 1061 inest
428 997 530 1060 his
590 995 752 1062 locis
806 996 1170 1062 Ovidianis:
1245 996 1411 1080 plur.
1471 994 1559 1060 ad
1625 994 1956 1060 elisionem
2016 995 2295 1060 evitand.
2406 995 2593 1060 Pont.

204 1100 292 1164 IV
344 1105 398 1179 1,
450 1104 559 1180 123
617 1105 845 1165 contra
902 1100 1061 1183 sing.
1119 1121 1287 1164 nom.
1351 1103 1502 1182 post
1556 1103 1839 1182 pentam.
1902 1119 2147 1164 caesur.
2194 1099 2283 1164 IV
2318 1105 2401 1178 .9,.
2452 1103 2595 1164 102.

202 1203 384 1268 Idem
442 1203 523 1269 de
591 1204 736 1269 aliis
799 1203 960 1270 locis
1029 1201 1371 1270 dicendum
1435 1207 1551 1268 est.
1661 1202 2017 1268 Praeterea
2078 1203 2145 1267 in
2214 1202 2593 1286 quaestione

205 1313 430 1372 nostra
471 1306 833 1372 omittenda
881 1312 1032 1372 sunt
1073 1327 1152 1372 ea
1195 1306 1511 1390 exempla,
1556 1308 1621 1371 in
1654 1305 1891 1388 quibus
1922 1306 2149 1370 ‘cerae’
2192 1306 2363 1371 idem
2396 1305 2595 1389 signi-

203 1411 406 1476 ficant
451 1416 650 1493 atque
700 1411 1016 1494 imagines
1065 1431 1312 1491 cereae,
1372 1411 1741 1494 germanice
1788 1408 2335 1488 „Wachsbilder“.
2424 1409 2593 1476 Nam

204 1514 386 1579 nulla
422 1519 571 1596 eget
613 1515 1048 1598 explicatione
1103 1521 1334 1598 poetas
1388 1514 1568 1579 hisee
1628 1514 1790 1578 locis
1849 1533 2121 1578 summo.
2154 1513 2297 1578 iure
2340 1512 2595 1598 ‘plurali

203 1637 472 1682 numero
531 1617 626 1682 uti
647 1668 661 1697 ,
733 1619 1119 1702 praesertim
1181 1639 1326 1683 cum
1389 1619 1514 1683 hoc
1568 1638 1762 1682 sensu
1818 1617 2013 1682 etiam
2078 1617 2433 1700 scriptores
2491 1617 2594 1682 vel

203 1721 434 1804 optimi
491 1720 811 1804 pluralem
869 1722 1243 1787 adhibeant.
1347 1722 1589 1786 Videas
1650 1741 1895 1804 quaeso
1941 1719 2069 1784 Cic.
2112 1719 2193 1785 de
2238 1725 2371 1786 nat.
2416 1720 2593 1786 deor.

200 1825 231 1890 Ι
279 1828 380 1902 26,
427 1831 503 1889 71
571 1825 714 1890 ‘hoc
765 1825 1208 1909 intellegerem
1271 1825 1464 1908 quale
1520 1830 1724 1904 esset,
1782 1825 1840 1889 si
1894 1824 1963 1888 in
2016 1824 2184 1888 ceris
2236 1823 2593 1906 fingeretur

203 1934 320 1993 aut
359 1928 670 1994 fictilibus
710 1929 976 2012 figuris’.
1010 1967 1096 1978 —-
1125 1928 1314 1993 Nunc
1356 1930 1488 1994 iam
1533 1928 1617 1993 ad
1665 1949 1745 1992 ea
1788 1927 2087 2013 exempla
2132 1926 2593 2010 perlustranda

203 2039 646 2112 transeamus,
707 2034 774 2097 in
833 2033 1070 2116 quibus
1129 2033 1480 2116 scriptores
1547 2032 1939 2114 singularem
2002 2031 2333 2115 posituros
2390 2029 2591 2096 fuisse

203 2141 478 2202 constat.
600 2137 692 2202 De
736 2137 1013 2202 materia
1058 2137 1307 2220 agitur:
1351 2137 1791 2218 Vergilius
1836 2155 1933 2218 ge.
1980 2134 2069 2200 IV
2106 2139 2184 2199 57
2234 2133 2403 2198 ‘hinc
2448 2140 2592 2199 arte

200 2245 496 2305 recentes
562 2240 912 2306 Excudunt
983 2246 1288 2326 cerasvet
1355 2239 1597 2321 mella’;
1672 2239 1751 2304 de
1826 2239 2053 2304 eadem
2125 2259 2199 2303 re
2264 2237 2595 2303 antecedit

203 2344 330 2408 abl.
390 2344 550 2426 sing.
613 2343 681 2408 in
745 2364 970 2410 versus
1031 2342 1158 2409 fine
1219 2350 1298 2412 38
1363 2344 1604 2409 ‘tenuia
1650 2364 1804 2408 cera
1860 2343 2272 2426 Spitamenta
2328 2338 2591 2420 linunt';

201 2448 498 2530 sequitur
569 2447 737 2530 plur.
801 2453 922 2514 162
999 2448 1266 2514 ‘tenacis
1323 2447 1742 2532 Suspendunt
1813 2467 1998 2511 ceras
2012 2441 2291 2531 3valiae’.
2332 2445 2418 2510 ad
2478 2444 2592 2509 eli-

201 2553 448 2616 sionem
529 2551 933 2633 evitandam3
1013 2553 1299 2636 itemque
1369 2557 1486 2617 241
1571 2557 1905 2634 ‘cerasque
1979 2549 2272 2616 recidere
2342 2545 2593 2616 inanis'.

201 2655 476 2738 Saepius
521 2655 633 2720 ubi
681 2655 1026 2747 singularis
1055 2656 1488 2740 —imprimis
1529 2655 1965 2720 nominativus
2004 2659 2079 2718 ut
2123 2653 2238 2718 ecl.
2286 2660 2345 2734 8,
2392 2657 2475 2718 80
2504 2689 2592 2700 -

199 2757 460 2823 facilius
491 2758 706 2823 versui
740 2759 1004 2823 immitti
1031 2765 1266 2842 potest,
1311 2759 1437 2824 hoc
1475 2779 1745 2825 numero
1776 2759 1985 2823 utitur
2013 2762 2229 2841 poeta.
2282 2756 2592 2822 Eandem

201 2860 524 2924 rationem
571 2862 866 2944 sequitur
895 2861 1244 2927 Ovidius
1277 2868 1397 2926 art.
1416 2862 1477 2927 II
1508 2868 1590 2926 85
1617 2866 1789 2926 ‘cera
1820 2861 1942 2927 deo
1968 2862 2035 2944 (i.
2054 2860 2263 2944 caelo)
2286 2863 2593 2944 propiore

201 2963 558 3045 quuescIt’3
626 2969 854 3029 contra
915 2965 1139 3028 eodem
1205 2985 1397 3029 sensu
1443 2970 1524 3030 89
1573 2962 1946 3028 ‘tabuerant
1990 2963 2197 3028 cerae’
2265 2963 2357 3044 (in
2411 2963 2591 3047 arsi).

201 3067 464 3132 Pariter
508 3072 656 3132 met.
703 3068 799 3133 III
842 3073 967 3134 488
1015 3067 1442 3133 ‘intabescere
1496 3067 1709 3131 flavae
1765 3068 1915 3149 igne
1971 3066 2099 3131 levi
2144 3086 2381 3140 cerae„
2416 3115 2430 3128 .
2490 3085 2592 3130 so-

200 3170 389 3251 lent’3
448 3177 678 3236 contra
721 3170 784 3236 X
828 3177 951 3238 285
1007 3176 1179 3236 ‘cera
1227 3171 1656 3236 remollescit’.
1786 3171 1965 3236 Fast.
2018 3170 2112 3235 III
2144 3176 2283 3237 748
2340 3170 2595 3254 ‘aspicit

202 3280 270 3338 et
338 3295 522 3340 ceras
602 3278 717 3358 (sc.
785 3276 1032 3360 apium)
1116 3274 1519 3342 dissimulat’.
1633 3275 1727 3340 IV
1792 3278 1916 3340 546
2001 3275 2087 3338 ‘in
2169 3274 2593 3359 cerisvaurea

200 3377 396 3443 mella
439 3378 612 3458 suis’,
672 3380 828 3462 sing.
877 3379 1208 3445 elisionem
1254 3378 1490 3444 effecit.
1580 3378 1775 3446 Trist.
1824 3378 1876 3442 V
1922 3385 1981 3458 4,
2028 3383 2111 3444 30
2170 3377 2351 3465 (mel)
2397 3377 2592 3461 ‘quod

201 3483 269 3546 in
318 3482 758 3568 ceristttica
801 3484 986 3566 ponit
1041 3483 1220 3566 apis’.
1344 3483 1637 3565 Itemque
1681 3487 1917 3565 poetae
1960 3482 2339 3565 promiscue
2373 3482 2591 3564 singu-

200 3586 408 3650 larem
481 3592 549 3650 et
612 3587 930 3670 pluralem
999 3592 1337 3670 usurpant,
1404 3585 1520 3652 ubi
1585 3586 1667 3650 de
1732 3585 2183 3650 instrumentis
2248 3584 2591 3668 iungendis

203 3688 502 3770 quaestio
549 3696 682 3768 est,
741 3690 1124 3773 plerumque
1170 3691 1363 3754 metri
1419 3690 1811 3755 necessitate
1850 3689 2193 3753 ducuntur.
2242 3688 2383 3755 Abl.
2415 3688 2588 3771 sing.

201 3791 394 3873 Verg.
445 3791 560 3856 ecl.
613 3792 674 3855 II
721 3797 820 3856 32.
868 3793 958 3858 ΙΙΙ
1006 3799 1110 3858 25.
1158 3793 1300 3858 Tib.
1332 3793 1395 3858 ΙΙ
1437 3799 1494 3872 5,
1543 3797 1643 3856 32.
1690 3791 1875 3856 Nom.
1908 3793 2066 3874 sing.
2113 3791 2303 3875 Prop.
2350 3791 2445 3856 111
2486 3797 2589 3872 23,

200 3900 303 3960 81.
377 3894 644 3960 Ovidius
690 3902 811 3959 art.
854 3897 915 3960 H
945 3903 1025 3960 47
1070 3899 1348 3980 ‘imaque
1394 3917 1550 3980 pars
1595 3897 1711 3980 (sc.
1750 3896 2094 3979 pinnarum
2125 3895 2323 3977 Icari)
2370 3896 2589 3980 cerisv

201 3998 633 4080 adstringitur
704 3999 854 4080 igne
935 3999 1236 4080 solutis’,
1296 4000 1376 4064 de
1451 3999 1679 4064 eadem
1748 4019 1819 4062 re
1848 4043 1857 4054 »
1885 4004 1967 4064 49
2041 3996 2393 4062 ‘tractabat
2456 4019 2587 4063 ce-

201 4122 522 4185 ramque
579 4101 777 4184 puer’.
882 4102 1058 4167 Idem
1122 4109 1268 4167 met.
1329 4103 1479 4167 VIII
1533 4107 1652 4166 198
1673 4100 1742 4186 ¹).
1845 4101 1997 4166 Met.
2045 4100 2194 4165 VIII
2259 4106 2377 4165 193
2438 4101 2587 4166 ‘lino

202 4205 451 4269 medias
499 4211 564 4268 et
623 4205 1072 4290 cerisvalligat
1130 4202 1306 4270 imas'
1373 4227 1459 4269 sc.
1521 4205 1753 4288 pinnas
1800 4203 2147 4269 Daedalus.
2250 4204 2401 4270 VIII
2461 4209 2585 4272 226

380 4343 430 4408 1)
466 4340 608 4396 Acc.
641 4342 780 4412 sing.
814 4347 1036 4412 praeter
1067 4343 1214 4398 hunc
1251 4344 1436 4398 locum
1477 4347 1534 4397 et
1567 4347 1700 4400 met.
1737 4340 1832 4396 lx
1866 4343 1985 4410 522,
2022 4342 2117 4395 ubi
2152 4341 2220 4395 de
2254 4341 2587 4413 imaginibus

205 4427 541 4498 concipitur,
580 4431 797 4483 tantum
833 4429 892 4482 in
929 4445 1035 4484 am.
1068 4427 1140 4486 Π
1175 4431 1256 4501 15,
1297 4431 1362 4484 16
1399 4432 1568 4485 extat.
