3325 5359
1200 384 1633 445 ...17-

235 572 572 617 numerum
620 550 990 617 differentia
1031 590 1118 602 —
1162 552 1341 618 velut
1383 552 1495 615 nix
1533 552 1746 631 nives3
1794 550 2107 634 gingivae.
2144 590 2229 601 —
2276 551 2612 617 Accedunt

231 656 490 719 nomina
549 675 823 737 quorum
873 657 1120 720 notioni
1186 656 1535 739 primariae
1592 656 1765 719 inest
1820 676 2045 719 sensus
2102 655 2465 739 plurativus
2520 690 2609 705 —-

229 758 403 824 velut
457 758 686 823 latices
742 758 1045 844 lymphae
1107 760 1368 824 frondes
1430 759 1572 840 (cfr.
1620 758 1805 822 Maas
1854 756 1981 823 525·
2023 760 2124 843 n);
2192 780 2466 841 quorum
2527 780 2607 825 ex

232 862 532 945 analogia
601 862 732 926 alia
793 867 944 927 sunt
992 862 1335 946 pluraliter
1393 862 1626 945 posita.
1715 860 1960 925 Ultimo
2016 862 2160 926 loco
2215 860 2377 926 mihi
2436 883 2608 927 com-

235 965 655 1031 memoranda
700 971 853 1030 sunt
896 968 1160 1031 nomina
1204 966 1538 1031 abstracta
1584 985 1859 1047 quorum
1907 963 2177 1048 pluralis
2208 963 2327 1030 ‘ad
2367 966 2609 1049 >princi-

227 1069 439 1152 palem
484 1070 813 1134 notionem
857 1075 1225 1135 concretam
1270 1069 1616 1152 singularis
1660 1068 1911 1132 numeri
1944 1073 2043 1133 est
2080 1066 2508 1133 revocandus'
2538 1070 2609 1153 1),

231 1172 506 1257 exempli
567 1194 767 1238 causa
816 1172 1153 1254 ‘amores'‚
1218 1194 1384 1255 quae
1423 1193 1545 1237 vox
1601 1171 1945 1255 pluraliter
1986 1172 2247 1255 prolata
2301 1173 2496 1237 etiam
2541 1174 2609 1237 in

229 1276 563 1341 comoedia
608 1280 794 1361 (ergo
843 1278 1035 1342 etiam
1082 1278 1151 1341 in
1199 1298 1496 1342 sermone
1544 1275 1929 1359 cottidiano)
1974 1274 2301 1358 significat
2325 1276 2610 1359 puellam

226 1381 324 1445 vel
382 1402 656 1465 puerum
719 1385 1024 1445 amatum.
1130 1382 1417 1459 Quarum
1467 1379 1915 1463 analogiarum
1980 1379 2132 1461 quin
2178 1399 2610 1463 unaquaeque

231 1484 478 1566 aliquid·
525 1485 591 1547 in
622 1483 894 1567 pluralis
938 1486 1179 1568 poetici
1226 1504 1350 1548 usu
1392 1483 1689 1563 valuerit,
1736 1482 2003 1547 dubium
2048 1503 2176 1548 non
2222 1489 2339 1549 est.
2412 1483 2611 1549 Prae-

234 1592 417 1652 terea
463 1588 532 1651 id
578 1607 836 1670 quoque
881 1608 1138 1671 semper
1179 1588 1246 1651 in
1291 1588 1667 1652 memoriam
1715 1606 1950 1650 vocare
1995 1586 2335 1652 debemus:
2387 1608 2612 1671 quam·

230 1711 420 1773 quam
473 1697 700 1774 poetas
745 1690 1072 1756 Romanos
1117 1691 1202 1756 ad
1247 1691 1423 1755 illam
1467 1690 1800 1755 licentiam
1842 1709 1971 1753 non
2024 1691 2163 1755 sine
2208 1689 2609 1756 Graecorum

229 1794 538 1878 exemplis
598 1800 796 1878 atque
840 1795 1202 1860 imitatione
1256 1794 1575 1859 adductos
1622 1814 1764 1858 esse
1810 1799 2093 1873 constat,
2147 1798 2365 1859 tamen
2412 1794 2611 1859 talem

226 1899 476 1962 numeri
519 1898 829 1981 plurativi
875 1920 1062 1963 usum
1125 1898 1250 1963 sibi
1307 1918 1437 1962 non
1479 1898 1851 1981 permisisse
1907 1896 2193 1962 dicemus
2254 1898 2379 1961 nisi
2432 1898 2610 1981 prin-

228 2002 400 2084 cipia
447 2002 763 2067 eiusmodi
822 2001 1122 2066 dictionis
1184 2002 1253 2066 in
1295 2022 1590 2066 sermone
1657 2000 1909 2083 vulgari
1976 2006 2211 2084 poetae
2269 2001 2400 2064 iam
2462 2021 2610 2084 rep-

226 2106 565 2188 perissent.
609 2142 691 2155 -—
741 2105 935 2169 Hisce
980 2104 1176 2170 rebus
1225 2105 1536 2188 expositis
1581 2105 1741 2169 satis
1785 2123 2104 2186 apparere
2148 2109 2325 2187 put0‚
2373 2103 2611 2187 quibus

231 2209 310 2273 de
358 2208 570 2273 causis
614 2208 814 2291 atque
857 2207 1180 2291 quomodo
1226 2212 1460 2291 poetae
1502 2207 1586 2273 ad
1616 2206 1787 2272 hanc
1832 2206 2088 2271 dicendi
2135 2207 2454 2272 rationem
2500 2206 2611 2272 de·

229 2310 541 2376 venerint.
930 2298 934 2305 ’
1668 2333 1671 2335 ’

401 2418 524 2501 §a
558 2493 562 2496 ¹
600 2415 916 2481 Nunciam
981 2416 1367 2481 accedamus
1414 2415 1496 2479 ad
1543 2416 1959 2497 quaestiones
2011 2414 2354 2479 nonnullas
2414 2434 2611 2498 pecu-

227 2520 426 2584 liares
474 2524 672 2602 atque
717 2540 986 2603 agamus
1036 2520 1115 2584 de
1163 2519 1845 2585 circumlocutionibus
1904 2518 2292 2601 quibusdam
2337 2517 2613 2601 poeticis

230 2629 298 2688 et
343 2624 424 2688 de
487 2622 1004 2706 appositionibus
1046 2623 1404 2707 plurativis.
1516 2622 1883 2686 Redeamus
1926 2622 2011 2687 ad
2056 2621 2290 2686 Maasii
2334 2619 2612 2685 definiti-

230 2712 445 2791 onem:
507 2726 826 2809 pluralem
881 2714 1239 2809 poeticum'
1272 2726 1568 2791 omnibus
1626 2726 1788 2790 locis
1846 2724 2263 2790 statuendum
2314 2745 2454 2790 esse
2498 2723 2612 2789 ubi

235 2850 435 2914 prosa
466 2831 676 2894 oratio
722 2851 762 2895 a
805 2831 989 2913 poesi
1031 2830 1316 2895 nondum
1356 2829 1602 2894 infecta
1632 2829 2027 2911 singularem
2070 2830 2367 2913 positura
2397 2828 2613 2893 fuerit.

233 2933 357 3012 Qui
406 2933 502 2996 vir
563 2931 974 2998 doctissimus
1033 2955 1254 2999 omnes
1311 2934 1490 2998 locos
1551 2934 1660 3016 qui
1724 2954 1868 2997 cum
1914 2934 2303 3017 scriptorum
2359 2932 2613 2997 ratione

234 3035 491 3100 dicendi
539 3034 820 3100 conferri
865 3058 992 3102 non
1036 3044 1326 3121 possunt,
1380 3036 1817 3102 excludendos
1868 3058 2007 3104 esse
2052 3041 2286 3101 censet.
2376 3037 2614 3114 Quam-

232 3160 428 3223 quam
465 3139 762 3203 omnibus
808 3138 944 3205 fere
989 3141 1149 3205 locis
1180 3141 1413 3206 Maasii
1444 3142 2049 3206 commentationem
2083 3142 2394 3223 optimam
2441 3161 2612 3205 com-

231 3242 637 3326 probandam
673 3264 814 3309 esse
855 3249 1034 3327 put0‚
1078 3250 1296 3309 tamen
1341 3244 1469 3309 hac
1497 3244 1564 3315 in
1601 3265 1674 3309 re
1718 3264 1846 3308 non
1889 3243 2081 3327 plane
2128 3244 2187 3307 ei
2232 3243 2612 3327 adstipulor.

230 3345 524 3411 Maasius
591 3367 744 3430 ergo
808 3348 1412 3412 circumlocutiones
1477 3348 1623 3412 illas
1685 3348 1977 3431 poeticas
2038 3367 2205 3430 quae
2269 3348 2433 3413 fiunt
2497 3368 2617 3431 per

231 3470 424 3514 voces
460 3448 653 3515 ‘caeli
701 3448 996 3535 templa'‚
1046 3449 1299 3516 ‘limina
1343 3452 1523 3516 solis’
1562 3449 1919 3517 ‘marmora
1965 3452 2205 3535 pelagi’
2250 3457 2317 3515 et
2358 3453 2615 3535 apposi-

231 3555 446 3617 tiones
492 3554 870 3637 plurativas‚
919 3576 1063 3620 curn
1108 3556 1176 3619 in
1221 3556 1514 3620 oratione
1561 3555 1777 3620 soluta
1822 3555 2187 3637 analogiam
2246 3574 2372 3618 non
2414 3554 2614 3619 habe·

233 3661 368 3736 ant,
414 3678 535 3740 pro
578 3658 941 3741 pluralibus
999 3659 1272 3742 poeticis
1322 3658 1660 3724 habendas
1706 3679 1846 3724 esse
1889 3663 2105 3740 negat.
2213 3657 2455 3722 Contra
2499 3679 2619 3741 ego

235 3758 498 3842 quidem
529 3760 762 3824 Maasii
794 3760 1234 3827 definitionem
1281 3762 1691 3845 aliquatenus
1724 3761 2249 3845 amplificandam
2286 3782 2430 3826 esse
2461 3761 2619 3826 mihi

232 3863 549 3945 persuasi.
639 3862 803 3927 Nam
867 3864 1060 3929 alieni
1119 3867 1373 3949 generis
1433 3866 1529 3929 illi
1587 3865 1875 3949 plurales
1938 3886 2079 3930 esso
2139 3864 2297 3929 mihi
2354 3885 2483 3928 non
2529 3866 2619 3930 vi-

232 3965 472 4030 dentur
531 3971 728 4049 atque
790 3970 988 4032 ceteri
1046 3968 1333 4052 plurales
1393 3969 1671 4053 poetici,
1736 3968 1850 4033 sed
1910 3966 2112 4033 verba
2164 3969 2309 4052 ipsa
2370 3989 2489 4051 pro
2550 3989 2619 4033 se

237 4069 647 4135 discutienda
707 4076 858 4135 sunt
915 4073 1048 4136 sive
1091 4073 1156 4136 in
1201 4065 1411 4155 figura
1453 4074 1713 4157 poetica
1754 4076 2099 4138 versantur
2157 4072 2291 4136 sive
2350 4072 2477 4136 alio
2524 4072 2618 4135 di-

235 4172 426 4237 cendi
473 4194 706 4256 genere
756 4176 1187 4240 continentur.
1217 4214 1303 4225 —
1345 4180 1557 4260 Atque
1601 4177 1883 4259 primum
1930 4177 2178 4241 animos
2207 4176 2619 4240 intendamus

409 4348 462 4414 1)
500 4346 748 4416 Langen,
803 4346 976 4401 Beitr.
1014 4366 1059 4402 z.
1097 4346 1287 4401 Kritik
1323 4366 1374 4402 u.
1411 4348 1624 4402 Erklar.
1671 4348 1724 4401 d.
1759 4348 1936 4403 Plaut.
1988 4366 2043 4417 p
2084 4349 2254 4419 106l7.
2290 4308 2616 4417 ‘Riemanm

230 4420 421 4487 Etude
447 4448 538 4485 sur
563 4434 617 4486 la
638 4432 837 4503 langue
864 4435 946 4501 (et
977 4434 1031 4487 la
1056 4436 1308 4504 gramm.)
1333 4434 1401 4489 de
1427 4435 1576 4489 Tite·
1578 4435 1716 4489 Live
1753 4434 2337 4504 p.63—71Hailer‚
2374 4435 2544 4489 Beitr.
2569 4453 2616 4488 z.

230 4518 449 4572 Erkliir.
489 4519 540 4571 d.
579 4524 730 4588 poet.
766 4520 910 4573 Plur
948 4539 1000 4590 p.
1042 4524 1124 4577 20.
1163 4522 1418 4576 Bednara
1454 4540 1508 4591 p.
1545 4523 1661 4575 535.

2168 4612 2201 4663 2
