3325 5359
1210 307 1684 372 -143—

259 501 536 567 corpora
580 486 759 547 terra
806 479 1085 547 Cervus’.
1170 480 1263 546 XI
1310 485 1435 547 564
1478 484 1699 564 ‘agant
1734 500 1851 545 sua
1899 499 2175 564 corpora
2219 478 2496 561 fluctus’,
2545 502 2636 548 sc.

258 586 501 671 Ceycis.
544 586 666 650 XII
711 590 835 651 413
882 570 1165 650 ‘flumine¹
1210 604 1487 669 corpora
1523 583 1822 667 tinguat’,
1868 584 1948 648 de
1979 583 2302 649 Centauro
2333 584 2633 669 quodam.

256 696 385 755 490
435 695 685 754 ‘nostro
742 695 858 755 tua
912 708 1191 773 corpora
1233 689 1408 753 ferro
1454 686 1913 772 Temptemus’.
1993 687 2146 752 XIII
2191 692 2314 753 847
2365 687 2635 773 Cyclops

257 792 340 857 de
367 814 457 857 se
500 794 643 878 ipso
690 800 835 857 ‘nec
877 813 1024 857 mea
1069 842 1083 857 .
1117 842 1177 859 ..
1224 790 1611 856 densissima
1656 792 1856 855 saetis
1901 790 2236 874 Corpora’.
2312 791 2462 856 XIV
2508 797 2632 859 427

259 896 475 979 ‘longa
506 901 853 981 ponentem
892 916 1169 979 corpora
1196 895 1381 978 ripa’,
1428 894 1508 959 de
1549 893 1850 959 Canente.
1898 894 2088 959 Trist.
2119 894 2148 957 I
2183 899 2240 974 2,
2274 898 2354 959 39
2384 896 2635 961 ‘iactari

122 1066 136 1080 ,
258 1020 537 1085 corpora
580 1000 821 1083 ponto',
862 1006 1059 1085 poeta
1104 998 1187 1064 de
1232 1020 1301 1065 se
1344 1000 1486 1082 ipso
1533 997 1707 1063 dicit.
1771 998 1867 1064 111
1912 1002 1970 1078 3,
2010 1002 2090 1063 39
2138 1004 2302 1063 ‘mea
2349 1048 2401 1063 ..
2436 1048 2451 1063 .
2495 999 2636 1063 lan-

257 1108 575 1187 guescunt
620 1123 895 1187 corpora
937 1102 1107 1168 leto’.
1164 1109 1222 1182 8,
1270 1108 1352 1168 24
1391 1102 1568 1166 ‘mihi
1614 1151 1628 1165 .
1655 1152 1710 1167 ..
1758 1122 2034 1185 corpora
2077 1102 2353 1185 languor
2397 1102 2634 1168 habet’.

255 1208 343 1272 IV
409 1213 465 1287 3,
512 1212 592 1271 42
642 1214 955 1291 ‘corpora
1017 1206 1287 1286 nostra',
1346 1206 1385 1270 i.
1434 1226 1597 1285 mea,
1643 1207 1683 1269 i.
1729 1205 1803 1273 V.
1846 1227 1909 1289 p.
1999 1205 2092 1269 Ib.
2138 1210 2264 1271 412
2313 1204 2635 1289 ‘Corpora

256 1310 509 1377 Thesea
566 1310 934 1395 Cercyonea
990 1310 1224 1375 manu'.
1315 1315 1441 1376 450
1498 1315 1797 1393 ‘corpora
1995 1330 2162 1392 quae
2223 1329 2344 1374 sua
2398 1316 2637 1393 purgat

258 1414 469 1496 aqua’.
547 1418 671 1479 606
717 1421 1014 1499 ‘corpora
1060 1464 1074 1479 .
1100 1463 1157 1478 ..
1205 1420 1321 1479 tua
1363 1414 1541 1479 virus
1586 1412 1786 1477 edat’.
1868 1412 1917 1476 F
1921 1418 2041 1476 ast.
2087 1413 2148 1477 11
2194 1418 2316 1479 596
2364 1420 2470 1477 ‘ne
2516 1434 2636 1478 sua

256 1516 563 1582 fluminea
627 1538 904 1601 corpora
953 1523 1216 1601 *mergat
1274 1515 1493 1601 aqua’,
1562 1517 1642 1581 de
1709 1516 1992 1601 nympha
2054 1516 2335 1600 quadam
2397 1516 2632 1600 agitur.

253 1620 341 1685 IV
392 1626 511 1686 143
562 1622 752 1685 ‘texit
796 1642 914 1687 sua
960 1641 1236 1706 corpora
1294 1618 1551 1706 myrto'‚
1597 1641 1686 1685 sc.
1733 1621 1967 1685 Venus.
2053 1620 2111 1684 V
2156 1625 2282 1685 414
2329 1627 2634 1704 ‘corpo-ra

256 1724 505 1789 cinctus
544 1724 724 1804 erat’,
769 1746 855 1789 sc.
890 1723 1145 1790 Chiron.
1234 1724 1734 1807 Nonnumquam
1794 1723 2067 1808 pluralis
2122 1728 2392 1807 propter
2447 1725 2634 1788 attri-

259 1826 487 1892 butum
534 1827 832 1894 adhiberi
876 1850 1004 1892 non
1048 1833 1284 1913 potest,
1328 1826 1506 1892 velut
1556 1828 1707 1891 Met.
1752 1826 1841 1892 IV
1889 1833 2010 1893 158
2057 1826 2448 1892 ‘miserabile
2493 1848 2634 1892 cor-

256 1931 415 2015 pus’,
477 1930 591 1996 cfr.
638 1931 1054 1998 miserabilia.
1144 1931 1260 1996 XV
1308 1936 1388 1997 89
1436 1932 1722 1996 ‘avidum
1771 1931 1863 2010 c.’,
1911 1930 2022 1994 cfr.
2070 1930 2277 1995 avida.
2352 1932 2424 1994 A.
2470 1950 2526 1995 a.
2571 1931 2634 1995 ΙΙ

257 2040 383 2100 474
427 2033 605 2099 ‘rude
653 2032 745 2114 c.’,
789 2034 905 2100 cfr.
949 2036 1156 2102 rudia..
1202 2040 1268 2099 et
1312 2034 1444 2099 alia
1491 2036 1806 2119 exempla.

430 2156 709 2241 digiti.
797 2178 919 2241 pps
964 2156 1164 2221 semel
1209 2155 1385 2239 apud
1431 2156 1815 2222 Ovidium
1859 2155 2098 2239 legitur
2143 2176 2264 2219 am.
2311 2154 2372 2220 11
2421 2160 2518 2234 15,
2552 2160 2634 2221 20

258 2258 687 2343 ‘adstringens
731 2259 1019 2344 (anulus)
1067 2259 1517 2343 digitosvorbe
1563 2261 1811 2325 minore
1866 2259 2049 2324 tuos’.
2142 2258 2384 2323 Eodem
2441 2278 2634 2323 sensu

258 2348 337 2425 22
385 2360 686 2447 ‘digitus'.

432 2491 791 2567 guttura.
879 2506 1002 2569 pps
1045 2486 1195 2551 inde
1240 2506 1281 2549 a
1321 2484 1778 2571 Propertio·
1817 2485 1929 2569 qui
1974 2505 2050 2549 eo
2082 2485 2280 2549 semel
2309 2484 2516 2547 utitur
2545 2483 2632 2548 IV

266 2597 321 2668 5,
356 2593 436 2653 66
483 2588 841 2653 ‘columbae
886 2638 900 2653 .
938 2642 949 2654 .
999 2595 1149 2653 ante
1196 2594 1343 2654 tuos
1390 2595 1657 2672 guttura
1703 2595 1884 2654 secta
1927 2586 2143 2653 focos’.
2217 2589 2356 2667 Quo
2400 2588 2469 2652 in
2514 2608 2635 2652 usu

264 2694 558 2775 sequitur
604 2691 957 2758 Ovidius
1002 2699 1151 2756 met.
1199 2693 1319 2757 VII
1362 2698 1487 2758 314
1533 2693 1726 2776 (ovis)
1773 2693 2157 2775 ‘mergentia
2191 2697 2458 2775 guttura
2502 2690 2632 2755 cul·

263 2803 366 2859 tro
412 2796 642 2860 Fodit’.
700 2796 758 2860 X
806 2800 886 2861 22
936 2796 1288 2861 ‘Medusaei
1332 2796 1638 2860 vincirem
1687 2802 1955 2878 guttura
1995 2794 2302 2860 monstri’.
2369 2794 2462 2859 XI
2509 2799 2630 2859 753

261 2899 630 2963 ‘ostendens
690 2901 1048 2982 spatiosum
1105 2900 1173 2963 in
1232 2904 1499 2982 guttura
1544 2900 1874 2982 mergum'.
1965 2899 2089 2963 XII
2134 2905 2259 2965 458
2305 2898 2634 2983 (Hodites)

258 3009 622 3085 ‘mentoque
653 3002 735 3067 ad
769 3008 1038 3086 guttura
1067 3001 1233 3067 fixo’.
1293 3004 1443 3068 XIV
1493 3008 1615 3068 523
1665 3012 1804 3067 ‘nec
1846 3004 2028 3087 prius
2071 3024 2142 3067 os
2185 3004 2392 3067 tacuit
2437 3021 2629 3087 quam

259 3112 527 3188 guttura
573 3105 865 3172 condidit
913 3105 1147 3171 arbor’.
1195 3106 1314 3170 XV
1357 3112 1483 3171 464
1529 3106 1733 3171 ‘vituli
1780 3156 1793 3171 .
1827 3156 1841 3170 .
1887 3106 2192 3191 guttura’,
2234 3107 2274 3170 i.
2323 3108 2394 3172 V.
2431 3130 2493 3191 p.

430 3227 685 3292 iubae
708 3227 761 3312 ¹)
801 3266 889 3277 —-
927 3237 1143 3313 χαῖται
1164 3227 1236 3310 2),
1284 3226 1538 3313 ἔθειραι
1557 3228 1629 3311 3).
1698 3248 1839 3311 pps
1882 3228 2162 3311 primum
2195 3248 2236 3291 a
2269 3228 2633 3311 Vergilio

257 3337 615 3415 usurpatur
647 3336 758 3395 Ae.
791 3331 884 3396 XI
928 3335 1050 3396 497
1100 3331 1211 3395 ubi
1257 3331 1337 3395 de
1384 3351 1510 3396 uno
1547 3338 1708 3396 tant.
1756 3352 1922 3415 equo
1969 3333 2215 3414 agitur:
2260 3332 2636 3416 ‘luduntque

259 3416 451 3481 iubae
512 3438 631 3501 per
704 3418 887 3498 colla,
955 3438 1073 3502 per
1142 3418 1405 3483 armos’.
1498 3418 1844 3485 Ovidius
1903 3440 2052 3501 pps
2112 3439 2234 3482 am.
2288 3419 2382 3483 111
2444 3426 2501 3495 5,
2553 3425 2635 3483 24

259 3520 883 3605 ‘albentisvabstulit
907 3542 1019 3587 ore
1049 3521 1275 3587 iuba-s’.
1324 3521 1475 3586 Met.
1502 3522 1564 3585 11
1587 3527 1664 3586 67
1671 3528 1712 3587 4
1737 3523 1819 3586 ‘in
1846 3521 2383 3605 dextras’vabiere
2403 3522 2634 3602 iubas’,

263 3624 341 3688 de
388 3624 717 3708 Ocyrrhoe
763 3626 996 3708 agitur.
1088 3625 1281 3690 Nulla
1328 3632 1597 3709 cogente
1644 3646 1844 3690 causa
1902 3647 1957 3689 a.
2007 3647 2068 3689 a.
2110 3626 2140 3690 1
2186 3631 2308 3691 544
2357 3633 2635 3711 ‘pressas

164 3731 169 3736 ’
260 3728 544 3793 continet
586 3735 728 3793 arte
767 3728 990 3793 iubas’.

374 3844 379 3849 ’
427 3849 950 3934 medullae4).
1040 3850 1224 3928 Quod
1283 3870 1515 3915 nomen
1584 3871 1976 3933 quamquam
2039 3851 2266 3933 paucis
2333 3850 2491 3915 locis
2548 3889 2632 3900 —
2748 3934 2753 3938 .

264 3953 471 4018 Plaut.
519 3953 719 4022 Stich.
768 3958 911 4018 341.
1006 3954 1165 4018 Enn.
1217 3960 1288 4019 A.
1334 3959 1475 4019 308.
1554 3952 1782 4019 Catun.
1831 3958 1930 4033 35,
1984 3960 2077 4019 15.
2147 3944 2325 4019 ovid.
2373 3976 2492 4018 am.
2540 3954 2634 4019 111

428 4198 478 4263 1)
516 4196 711 4251 Hailer
748 4198 829 4249 14.
899 4194 1156 4248 Bednara
1190 4197 1307 4249 537.

424 4286 480 4351 2)
518 4282 693 4337 Witte
734 4284 817 4335 20.
857 4284 939 4335 ¹74.

426 4372 479 4437 3)
520 4369 694 4423 Witte
736 4372 819 4424 20.

428 4457 485 4524 4)
523 4454 707 4526 Slotty
741 4460 789 4510 9.
862 4455 1118 4510 Bednara
1152 4458 1270 4509 537.
1304 4457 1389 4510 38.
