3325 5359
1224 340 1702 407 —109—

242 530 384 593 que
420 509 735 595 penates’,
765 512 928 597 plur.
962 510 1239 581 fort-asse
1274 520 1546 601 propter
1576 516 1776 583 verba
1807 513 2144 600 sequentia
2175 519 2363 599 ‘patu
2392 512 2648 600 ponat),

240 617 725 682 concinnitatis
780 638 995 688 causa.
1069 619 1127 683 X
1180 624 1297 685 103
1336 620 1449 685 fila
1493 625 1682 704 ‘quae
1729 620 1980 686 reditus
2026 619 2499 700 monstrarent’,
2557 640 2642 687 sc.

238 716 513 785 Theseo
561 741 640 785 ex
685 720 1105 807 LabyrinthO.
1182 723 1543 809 Singularis
1589 724 1896 789 ‘reditum
1944 723 2406 789 monstrarent’
2453 744 2644 789 aures

236 820 550 891 offendit.
628 825 785 890 XIII
834 831 953 893 159
1002 834 1140 911 ‘per
1188 828 1437 894 reditus
1484 848 1848 912 corpusque
1890 824 2112 895 tuum’.
2203 826 2354 893 Met.
2397 826 2489 891 XI
2521 832 2644 893 576

236 926 661 1011 ‘reditusque
708 929 833 995 sibi
869 932 1193 1014 promittit
1228 932 1490 999 inanes’.
1569 932 1668 997 Ex
1712 932 1896 1000 Pont.
1928 932 1993 996 H
2039 936 2098 1011 3,
2135 937 2210 997 17
2257 937 2348 996 ‘at
2391 928 2644 996 reditus

233 1028 383 1093 iam
438 1032 713 1115 quisque
760 1035 1179 1119 suosvamat’.
1256 1036 1344 1101 IV
1395 1038 1451 1116 5,
1506 1042 1581 1103 19
1630 1042 1766 1101 ‘aut
1807 1036 2028 1121 populi
2077 1035 2326 1101 reditus
2363 1034 2642 1118 positam

236 1143 604 1217 componet
644 1137 747 1202 ad
803 1136 1100 1220 hastam’,
1163 1139 1249 1204 ad
1292 1162 1357 1204 m
1411 1139 1674 1205 litterae
1730 1140 2180 1223 repetitionem
2241 1138 2644 1219 evitandam3

235 1236 368 1301 sed
422 1236 701 1305 fortasse
754 1241 994 1324 plurali
1051 1242 1176 1309 hoc
1218 1242 1362 1309 loco
1406 1244 1577 1309 inest
1618 1245 1734 1308 vis‘
1761 1244 2099 1327 generalis.
2188 1242 2276 1307 IV
2323 1248 2381 1323 9,
2429 1249 2509 1309 45
2557 1242 2642 1307 ad

235 1339 513 1407 hiatum
562 1344 933 1411 evitandum
980 1352 1170 1413 ‘nunc
1212 1347 1389 1431 longi
1428 1346 1964 1431 reditusvhastae
2007 1367 2372 1431 supponere
2417 1345 2642 1411 lustri’.

236 1442 433 1510 Fast.
475 1445 509 1509 Ι
564 1452 621 1527 2,
682 1454 760 1516 79
822 1453 915 1515 ‘ut
970 1450 1213 1534 populo
1271 1451 1521 1517 reditus
1586 1455 1860 1535 pateant
1919 1452 2003 1517 ad
2068 1451 2244 1518 bella
2311 1448 2645 1533 profecto’,

237 1554 531 1632 propter
577 1551 843 1617 verbum
873 1536 1217 1637 '‘pateant’,
1264 1555 1445 1621 cuius
1489 1555 1885 1638 singularem
1917 1562 2070 1622 ante
2102 1554 2388 1620 vocalem
2422 1574 2644 1619 versus

236 1672 385 1717 non
432 1653 699 1736 patitur.

435 1778 783 1861 regna¹).
846 1800 993 1863 pps
1036 1779 1187 1845 inde
1220 1780 1304 1845 ab
1338 1780 1593 1845 Ennio
1630 1782 1697 1847 A.
1737 1787 1848 1847 141
1887 1780 2168 1847 ‘Marcus
2200 1800 2394 1863 quam
2440 1800 2643 1863 regna

235 1879 545 1961 recepit’,
588 1880 629 1944 i.
664 1880 735 1948 V.
767 1904 827 1965 Ρ.
922 1882 1346 1966 Vergilius
1389 1906 1534 1969 pps
1580 1885 1694 1953 ecl.
1730 1884 1762 1947 I
1795 1889 1874 1951 69
1922 1892 2086 1949 ‘mea
2134 1904 2334 1967 regna
2378 1883 2670 1964 videns',¹

234 1980 564 2047 Meliboei
608 1984 809 2050 verba
854 1987 965 2069 qui
1018 2008 1097 2052 ex
1149 1988 1301 2053 sede
1344 1990 1564 2072 patria
1616 2030 1687 2039 --
1739 1990 1778 2055 i.
1829 2009 1882 2053 e.
1929 1994 2093 2053 ‘mea
2136 1984 2348 2071 regna’
2400 2024 2485 2035 —-
2531 2008 2638 2052 ex-

235 2085 484 2167 pulsus
530 2094 632 2153 est
666 2110 742 2153 eo
787 2094 1079 2173 tempore
1118 2112 1246 2175 quo
1279 2092 1673 2158 Octavianus
1717 2092 2032 2158 militibus
2074 2091 2398 2157 veteranis
2443 2112 2638 2175 agros

237 2188 664 2273 designabat.
755 2193 886 2261 Ecl.
934 2194 1025 2258 VI
1069 2200 1146 2260 41
1207 2195 1537 2261 ‘Saturnia
1595 2195 1834 2280 regna'.
1926 2196 2040 2263 Ge.
2087 2194 2120 2258 I
2171 2199 2290 2262 124
2351 2194 2640 2280 agricola

238 2292 328 2357 de
401 2296 578 2377 agris
640 2297 773 2363 suis
834 2297 991 2363 dicit
1052 2304 1190 2363 ‘sua
1250 2300 1491 2383 regna',
1548 2301 1587 2367 i.
1633 2301 1708 2367 V.
1756 2323 1818 2382 Ρ.
1927 2299 2041 2367 Ge.
2104 2298 2198 2363 III
2246 2304 2370 2366 228
2433 2320 2638 2382 equus

236 2396 539 2463 ‘stabula
588 2406 934 2483 aspectans
978 2403 1529 2487 regnisvexcessit
1574 2404 1804 2483 avitis',
1865 2402 1950 2468 ad
1999 2392 2458 2487 synaloepham
2509 2404 2636 2467 evi-

236 2500 539 2569 tandam.
648 2502 761 2572 Ge.
824 2504 915 2571 IV
978 2502 1117 2572 363*
1171 2506 1450 2593 Cyrenes
1502 2507 1897 2573 domicilium
1964 2505 2467 2590 intellegendum
2537 2512 2638 2571 est
2767 2508 2772 2512 ’

236 2602 535 2673 ‘domum
595 2608 838 2673 mirans
898 2611 1245 2692 genetricis
1290 2616 1355 2675 et
1403 2594 1625 2676 umida
1678 2611 1917 2695 regna'.
2008 2614 2120 2678 Ae.
2165 2609 2197 2674 I
2243 2615 2366 2676 206
2415 2616 2635 2693 ‘regna

236 2726 593 2792 resurgere
636 2709 905 2777 Troiae'.
986 2719 1110 2779 244
1157 2722 1377 2798 ‘regna
1404 2714 1876 2808 Liburnorumf,
1921 2715 1960 2783 i.
1991 2712 2038 2782 Ι.
2072 2736 2133 2797 Ρ.
2211 2719 2334 2781 338
2368 2713 2631 2779 ‘Punica

236 2831 454 2894 regna
498 2813 717 2895 vides',
761 2816 801 2880 i.
850 2816 897 2881 Ι.
942 2840 1004 2899 Ρ.
1098 2823 1220 2884 346
1270 2824 1489 2903 ‘regna
1537 2818 1726 2902 Tyri'.
1821 2823 1944 2883 504
1991 2817 2178 2882 ‘Dido
2213 2872 2225 2886 .
2255 2872 2266 2885 .
2297 2872 2308 2886 .
2344 2839 2412 2883 se
2459 2821 2634 2882 laeta

235 2913 509 2981 ferebat
551 2917 677 2982 Per
731 2919 976 2985 medios
1021 2922 1271 2986 instans
1317 2923 1498 3006 operi
1543 2922 1890 3004 regnisque
1937 2920 2210 3000 futuris’,
2256 2921 2421 3004 plur.
2456 2920 2634 2986 nulla

238 3026 521 3101 cogente
567 3042 782 3087 causa.
840 3023 1005 3087 Item
1054 3024 1133 3088 de
1172 3024 1564 3109 Carthagine
1606 3031 1728 3091 572
1777 3024 1987 3089 ‘voltis
2021 3078 2032 3091 .
2068 3078 2081 3091 .
2114 3024 2218 3089 his
2271 3046 2515 3090 mecum
2565 3079 2578 3092 .
2615 3078 2628 3091 .

238 3122 587 3189 considere
648 3127 900 3209 regnis’.
992 3127 1226 3193 Nescio
1286 3150 1370 3194 an
1428 3129 1702 3212 pluralis
1762 3129 1916 3211 quia
1976 3148 2198 3193 versus
2260 3149 2535 3212 sequens
2590 3150 2631 3193 a

237 3226 459 3290 vocali
504 3228 752 3313 incipit,
796 3231 881 3295 ad
910 3231 1158 3297 hiatum
1194 3233 1683 3325 evitandumsit
1727 3233 2021 3316 positus?
2097 3236 2222 3297 620
2267 3232 2347 3297 de
2379 3232 2628 3298 Teucro

235 3329 357 3410 qui
415 3352 558 3395 cum
610 3340 882 3399 mortem
944 3336 1167 3401 fratris
1216 3338 1467 3401 Aiantis
1525 3359 1653 3403 non
1711 3336 2125 3421 prohibuerit
2165 3336 2360 3402 Troia
2413 3336 2630 3402 deleta

235 3430 501 3498 domum
552 3458 849 3504 reversus
887 3461 927 3504 a
964 3446 1153 3523 patre
1188 3439 1495 3525 expulsus
1527 3440 1790 3506 oraculo
1819 3440 2133 3524 Delphico
2179 3440 2473 3505 consulto
2516 3461 2627 3505 no·

235 3556 387 3600 vam
419 3540 652 3622 petivit
674 3543 987 3625 patriam:
1027 3551 1211 3609 ‘nova
1242 3564 1443 3627 regna
1465 3543 1833 3629 petentem’,
1866 3543 2024 3608 dicit
2040 3543 2360 3627 Vergilius
2392 3543 2470 3608 de
2494 3544 2630 3615 illo.

233 3639 299 3704 11
334 3646 414 3706 22
451 3643 712 3709 ‘Priami
766 3647 915 3710 dum
965 3668 1166 3730 regna
1196 3647 1587 3727 manebant’,
1634 3648 1857 3713 eadem
1891 3647 2028 3712 fere
2065 3647 2264 3713 verba
2296 3654 2439 3714 455.
2503 3654 2623 3713 543

232 3743 396 3808 item
442 3745 521 3809 de
568 3747 763 3812 Troia
808 3756 972 3815 ‘mea
1018 3751 1238 3835 regna'
1283 3752 1322 3815 i.
1363 3752 1435 3815 V.
1482 3774 1542 3834 p.
1601 3751 1696 3815 III
1748 3756 1866 3817 106
1915 3750 1994 3815 de
2039 3750 2234 3816 Creta
2277 3751 2626 3817 ‘uberrima

233 3848 477 3931 regna’.
556 3856 672 3916 115
708 3852 971 3918 ‘Gnosia
1002 3876 1204 3942 regna
1229 3854 1565 3939 petamus’.
1645 3860 1758 3920 121
1798 3854 2068 3938 ‘pulsum
2106 3855 2322 3938 regnis
2355 3856 2623 3921 cessisse

232 3954 965 4038 paternivadomenea’,
1028 3958 1109 4023 de
1155 3957 1349 4023 Creta
1408 3958 1652 4040 agitur3
1717 3980 1939 4023 versus
2003 3978 2279 4041 sequens
2333 3980 2372 4023 a
2416 3959 2622 4023 vocali

234 4054 484 4139 incipit.
586 4061 701 4125 185
752 4064 965 4144 ‘saepe
999 4061 1400 4145 Hesperiam,
1450 4082 1645 4145 saepe
1689 4061 1858 4125 Itala
1904 4082 2105 4144 regna
2151 4062 2419 4126 vocare'.
2497 4067 2619 4126 272

236 4160 559 4243 ‘scopulos
618 4161 904 4243 Ithacae,
968 4164 1232 4230 Laertia
1291 4164 1527 4247 regna’.
1618 4165 1708 4228 IV
1752 4166 1832 4230 47
1894 4172 2104 4247 ‘quam
2141 4166 2620 4233 ...urbem...

412 4403 459 4467 1)
498 4401 685 4472 Spitta
720 4406 804 4457 29.
878 4405 1258 4458 Braumueller
1284 4404 1323 4467 ,I
1363 4407 1443 4460 12.
1516 4404 1711 4459 Keller
1745 4408 1865 4459 200.
1903 4408 2020 4460 206.
2073 4406 2257 4475 Appel
2296 4408 2376 4460 16.
2437 4405 2617 4461 Land-

241 4486 368 4555 graf
400 4492 482 4542 70.
556 4488 808 4544 Bednara
846 4492 962 4548 547.
1036 4491 1337 4547 Frobenius
1376 4495 1424 4545 7.
