3325 5359
1612 296 1712 341 “-
1807 298 1927 358 104
2015 328 2104 341 -

673 473 901 554 portus
948 464 1085 531 Ede
1130 466 1290 531 velis
1339 516 1351 530 .
1390 518 1401 530 .
1436 515 1449 529 .
1500 470 1678 531 terra
1724 464 1953 531 sistere
1999 463 2246 551 petita’.
2319 462 2405 528 VI
2461 468 2583 528 445
2645 466 2894 547 ‘portus
2940 462 3063 527 Ce-

675 571 1188 657 cropiosvintrat
1230 568 1592 653 Piraeaque
1636 568 1834 635 litora
1875 568 2126 652 tangit’.
2175 567 2296 633 VII
2341 572 2422 633 58
2470 566 2696 631 ‘victor
2740 564 3066 631 Iolciacos

672 675 890 759 tetigit
950 694 1095 741 cum
1159 673 1431 758 coniuge
1476 668 1747 758 portus'.
1817 678 1942 739 492
1991 674 2075 737 ‘in
2120 677 2480 757 portusque
2523 671 2730 735 intrat
2773 670 3066 735 amicos’.

673 780 827 845 VIII
858 784 893 845 5
943 783 1113 843 ‘ante
1160 782 1608 864 exspectatum
1654 782 1884 861 portus
1927 782 2198 841 tenuere
2237 774 2518 860 petitos’,
2569 774 2650 839 de
2679 796 2808 839 uuo
2837 781 3066 860 portu.

672 882 831 950 XIII
880 887 998 948 711
1058 880 1412 947 ‘Dulichios
1469 880 2088 968 portusvlthacam‘.
2164 880 2286 946 XV
2345 884 2470 945 690
2525 878 2757 943 ‘tendit
2817 878 2901 943 ad
2959 880 3068 943 in-

673 1008 869 1054 curvo
914 985 1489 1077 munitosvaggere
1519 986 1788 1070 portus’.
1837 984 1990 1051 XIV
2033 988 2154 1049 232
2203 982 2556 1066 ‘Aeoliique
2583 988 2794 1047 ratem
2825 988 3070 1067 portus

670 1091 985 1176 repetisse
1046 1089 1343 1175 tyrauui’.
1419 1089 1611 1157 Trist.
1659 1089 1693 1155 I
1743 1094 1840 1169 10,
1893 1094 1969 1155 18
2017 1088 2327 1153 ‘venimus
2373 1086 2459 1151 ad
2501 1091 2751 1169 portus,
2809 1085 3072 1151 Imbria

672 1201 870 1275 terra,
917 1194 1100 1260 tuos’.
1150 1198 1229 1258 37
1278 1192 1445 1258 ‘inde
1490 1192 2001 1259 Mesembriacos
2043 1191 2311 1278 portus’,
2359 1196 2510 1255 ante
2556 1210 2692 1256 voc.
2776 1189 2866 1255 IV
2913 1196 2974 1268 5,
3028 1197 3066 1255 5

671 1304 919 1385 ‘portus
976 1296 1233 1383 aperire
1274 1295 1561 1362 fideles·.
1595 1346 1608 1362 .
1645 1347 1658 1361 .
1707 1296 2210 1381 confugiumque
2275 1294 2440 1360 rati’.
2533 1292 2674 1358 Abl.
2723 1292 2890 1378 plur.
2935 1316 3070 1377 pro

674 1402 988 1487 singulari
1029 1401 1231 1485 Epist.
1280 1399 1398 1465 XV
1436 1406 1554 1467 127
1598 1400 1937 1486 ‘portubus
1983 1398 2319 1483 egredior'.
2377 1397 2532 1465 Met.
2579 1397 2674 1463 XI
2717 1403 2844 1462 474
2891 1403 3073 1481 ‘por-

673 1506 849 1572 tibus
894 1504 1224 1571 exierant‘.

846 1609 1306 1694 praeconia
1331 1609 1396 1693 ¹).
1483 1608 1765 1674 Pluralis
1810 1608 2090 1693 primum
2137 1606 2313 1697 apud
2360 1604 2686 1670 Tibullum
2729 1604 3074 1669 invenitur

674 1714 724 1780 P
781 1719 901 1779 177
949 1719 1190 1779 ‘tautae
1234 1713 1587 1797 praeconia
1629 1712 1882 1790 laudis’,
1926 1712 1966 1775 i.
1997 1710 2072 1775 V.
2104 1733 2165 1796 p.
2257 1708 2526 1775 Ovidius
2569 1729 2698 1773 non
2742 1708 2866 1773 nisi
2912 1708 3072 1793 plu-

674 1817 906 1884 raliter
950 1816 1076 1883 hoc
1130 1814 1446 1883 vocabulo
1505 1816 1732 1881 utitur.
1796 1819 1932 1882 Am.
1982 1814 2079 1879 111
2126 1818 2223 1893 12,
2270 1819 2308 1879 9
2357 1812 2624 1877 ‘formae
2669 1812 3072 1896 praeconia’,

676 1923 717 1988 i.
749 1922 821 1987 V.
857 1944 920 2007 p.
992 1921 1256 1986 Inverso
1287 1918 1634 1985 verborum
1675 1918 1900 1985 ordine
1946 1940 2003 1983 a.
2053 1940 2110 1983 a.
2156 1917 2189 1981 I
2234 1920 2356 1981 623
2405 1922 2472 1981 et
2515 1915 2612 1980 III
2643 1920 2785 1981 535.
2849 1909 3062 1999 Epist.

677 2026 831 2092 XVI
874 2030 996 2091 207
1044 2024 1411 2111 ‘praeconia
1456 2022 1708 2100 famae’,
1752 2024 1792 2091 i.
1827 2023 1901 2088 V.
1945 2045 2007 2106 p.
2073 2021 2226 2087 Met.
2271 2020 2397 2085 XII
2443 2025 2566 2087 573
2615 2026 2784 2084 ‘uum
2830 2020 3063 2085 videor

678 2130 916 2196 debere
976 2130 1070 2195 tui
1128 2127 1483 2213 praeconia
1540 2126 1738 2192 rebus
1795 2124 2134 2205 Herculis’,
2179 2125 2220 2189 i.
2268 2124 2340 2189 V.
2385 2147 2448 2209 p.
2538 2124 2730 2188 Trist.
2771 2123 2804 2187 I
2864 2130 2923 2204 6,
2973 2130 3060 2190 35

677 2239 1292 2318 ‘quantumcumque
1325 2282 1339 2296 .
1365 2281 1379 2295 .
1410 2231 1763 2315 praeconia
1792 2236 2017 2295 nostra
2046 2227 2374 2308 valebunt,
2405 2226 2812 2293 Carminibus
2839 2229 3070 2307 vives'‚

678 2337 939 2405 ‘nostra‘
981 2338 1032 2401 i:
1070 2356 1123 2401 e.
1178 2356 1337 2401 mea.
1414 2334 1501 2399 IV
1553 2340 1611 2415 9,
1660 2340 1738 2401 19
1787 2339 2032 2399 ‘nostra
2073 2353 2194 2417 per
2236 2333 2586 2398 immensas
2630 2330 2819 2396 ibunt
2860 2352 3072 2416 prae-

678 2441 867 2509 conia
908 2440 1171 2524 gentes'.
1242 2439 1300 2504 V
1352 2447 1406 2517 1,
1450 2445 1489 2505 9
1537 2444 1801 2523 ‘perago
1845 2437 2198 2522 praeconia
2255 2436 2484 2501 casus'.
2555 2433 2740 2501 Pont.
2785 2434 2818 2499 1
2867 2441 2923 2517 1,
2971 2442 3068 2502 55

678 2543 859 2610 ‘talia
922 2538 1236 2609 caelestes
1290 2543 1435 2608 fieri
1491 2542 1846 2626 praeconia
1889 2540 2215 2625 gaudent’.
2291 2539 2388 2606 ΠΙ
2437 2546 2492 2619 1,
2538 2545 2623 2605 45
2671 2539 2819 2603 ‘sint
2861 2560 3070 2624 prae-

678 2648 867 2716 conia
914 2652 1140 2713 nostra
1182 2646 1393 2713 Vera‘.
1452 2645 1541 2710 IV
1588 2651 1647 2725 8,
1695 2650 1777 2710 45
1826 2645 2136 2711 ‘carmina
2182 2694 2196 2709 .
2225 2694 2242 2709 .
2275 2694 2292 2709 .
2337 2648 2664 2727 peragunt
2701 2644 3074 2726 praeconia

675 2751 983 2818 laudum‘.

847 2854 1320 2941 praemia2).
1406 2851 1800 2919 Catullus
1845 2858 1947 2932 66,
1980 2858 2062 2918 86
2114 2836 2427 2935 ‘praemia
2472 2848 2706 2930 nulla'3
2751 2849 2864 2913 sed
2908 2849 3074 2933 plu-

676 2958 879 3025 ralem
939 2958 1263 3043 poeticum
1324 2956 1591 3023 exbibet
1652 2962 1754 3035 64,
1817 2962 1938 3021 157
2008 2956 2187 3021 ‘talia
2247 2955 2358 3038 qui
2420 2952 2642 3018 reddis
2698 2973 2819 3037 pro
2879 2952 3076 3019 dulci

676 3064 971 3149 praemia
1030 3062 1245 3141 vitae’,
1311 3060 1511 3126 verba
1574 3060 1904 3125 Ariadnae
1963 3081 2132 3143 quae
2190 3080 2232 3124 a
2287 3058 2542 3123 Theseo
2601 3056 2832 3121 relicta
2889 3064 3072 3137 erat,
3187 3074 3192 3077 ·

680 3166 797 3233 cfr.
836 3188 894 3232 ν.
933 3171 1050 3232 132
1082 3186 1225 3249 sqq.
1314 3165 1619 3229 Fortasse
1660 3185 1785 3249 pps
1831 3164 2028 3229 etiam
2069 3168 2184 3230 102
2239 3168 2375 3227 ‘aut
2403 3166 2680 3225 mortem
2711 3165 3074 3244 appeteret

677 3271 967 3336 Theseus
996 3275 1111 3334 aut
1138 3270 1433 3352 praemia
1459 3268 1713 3347 laudis’,
1745 3289 1892 3333 cum
1923 3268 2086 3349 sing.
2132 3265 2443 3331 ‘mortem‘
2490 3270 2557 3329 et
2577 3262 2812 3350 plural.
2845 3272 3070 3347 ‘prae-

678 3373 829 3439 mia‘
873 3378 1305 3457 opponantur.
1393 3370 1832 3455 Vergilius
1879 3390 1979 3454 ge.
2022 3370 2120 3435 III
2149 3376 2233 3436 49
2279 3376 2415 3434 ‘seu
2460 3369 2606 3452 quis
2635 3367 3068 3452 Olympiacae

679 3477 953 3542 miratus
1006 3476 1300 3560 praemia
1354 3474 1660 3559 palmae’,
1704 3475 1747 3541 i.
1793 3475 1870 3541 V.
1916 3497 1980 3559 p.
2071 3476 2184 3541 Ae.
2229 3473 2283 3538 V
2329 3478 2412 3539 70
2457 3472 2886 3554 ‘meritaeque
2947 3492 3072 3536 ex-

681 3586 985 3663 spectant
1025 3579 1322 3662 praemia
1348 3578 1646 3663 palmae'.
1701 3579 1758 3643 V
1789 3583 1914 3644 346
1959 3579 2091 3662 ‘qui
2137 3576 2339 3643 subiit
2380 3576 2640 3661 palmae
2684 3575 3073 3657 frustraque

682 3683 769 3748 ad
807 3683 1103 3767 praemia
1132 3683 1309 3747 venit
1350 3682 1633 3761 Ultima’,
1681 3682 1764 3747 de
1809 3682 2182 3747 certaminis
2225 3681 2550 3765 praemio3
2597 3679 2678 3743 de
2720 3678 2946 3742 eadem
2985 3702 3074 3745 re

682 3792 809 3853 353
852 3787 929 3851 ‘si
970 3792 1159 3851 tanta
1200 3838 1217 3853 .
1238 3838 1255 3853 .
1294 3793 1448 3853 sunt
1476 3788 1771 3870 praemia
1799 3786 2030 3851 victis'.
2075 3785 2170 3850 XI
2213 3790 2340 3851 857
2386 3784 2534 3849 ‘huc
2571 3784 2862 3867 periture
2891 3785 3072 3863 veni,

683 3891 907 3974 capias
948 3896 1021 3955 ut
1050 3890 1248 3974 digua
1278 3890 1591 3956 Camillae
1635 3890 1978 3955 Praemia‘.
2023 3889 2150 3953 XII
2194 3893 2320 3955 360
2353 3887 2754 3971 ‘Hesperiam
2785 3888 3071 3953 metiere

679 3994 934 4059 iacens:
990 3993 1157 4059 haec
1212 3994 1541 4078 praemia',
1582 3994 1625 4059 i.
1667 3994 1744 4059 V.
1785 4016 1846 4078 p.
1937 3992 2218 4058 Pluralis
2281 4012 2478 4075 saepe
2540 3992 2807 4075 proprio
2863 4012 3072 4057 sensu

682 4098 1023 4162 invenitur.
1112 4097 1507 4163 Tibullus
1568 4097 1603 4161 I
1662 4102 1722 4176 2,
1781 4102 1864 4161 26
1931 4102 2156 4181 ‘rapta
2221 4095 2516 4179 praemia
2581 4100 2760 4159 veste
2824 4096 3068 4177 petat'.

684 4200 957 4285 Proprie
1000 4221 1193 4265 sensu
1244 4202 1307 4265 11
1349 4209 1409 4270 5.
1457 4206 1579 4266 115
1624 4202 1938 4284 ‘praemia
1977 4199 2185 4280 belli‘3
2231 4198 2346 4265 cfr.
2394 4198 2578 4264 Ovid.
2625 4219 2751 4264 am.
2790 4197 2823 4262 Ι
2870 4202 2972 4276 15,
3018 4206 3068 4263 4

860 4358 911 4410 ll
946 4355 1135 4424 Appel
1168 4358 1252 4409 21.
1322 4354 1577 4410 Bednm
1610 4359 1730 4411 547.

856 4443 913 4493 21
954 4440 1141 4511 Spitta
1184 4444 1261 4496 13.
1312 4442 1692 4499 Braumueller
1727 4442 1760 4495 1
1797 4446 1876 4496 12.
1913 4446 1998 4497 33.
2056 4442 2248 4513 Appel
2283 4443 2368 4495 20.
2403 4442 2489 4497 21.
2525 4442 2612 4497 Β.
2663 4439 3072 4498 Beana-⁸54⁷.
