3325 5359
1236 283 1670 343 -43-

267 477 454 520 usum
498 453 857 535 incohavit3
904 453 1241 518 Lucretius
1288 453 1456 517 enim
1499 451 1817 536 pluralem
1864 449 1988 515 sib'i
2032 448 2330 534 permisit
2360 469 2488 512 non
2520 447 2643 512 nisi
2724 445 2729 449 ’

264 558 530 643 proprio
575 578 768 622 sensu
797 595 899 621 --.
931 555 1324 622 Catullus
1368 578 1518 640 pps
1565 561 1665 635 64,
1718 560 1858 621 141.
1906 559 2040 622 158.
2100 555 2241 635 Quo
2272 554 2337 618 in
2368 574 2490 617 usu
2523 551 2643 617 Ca-

265 662 494 728 tullum
522 662 814 744 sequitur
831 661 980 727 Ver
999 660 1275 744 gilius.
1326 659 1546 725 Ae.III
1569 665 1691 726 319
1720 658 2016 744 ‘Pyrrhin
2048 658 2326 723 conubia
2356 677 2577 723 servas
2590 656 2642 722 ‘i”

269 787 356 830 sc.
417 764 890 842 Andromache,
948 765 988 829 i.
1031 764 1105 830 V.
1151 787 1211 848 p.
1300 764 1386 829 IV
1453 769 1576 828 213
1639 763 1939 828 ‘conubia
2004 767 2230 827 nostra
2292 759 2642 846 Reppulit’,

265 870 304 932 i.
352 869 426 933 V.
468 891 530 953 p.
592 869 633 932 i.
680 888 732 933 e.
777 867 946 932 Dido
1005 867 1291 951 reppulit
1349 867 1627 947 larbam,
1686 866 2107 932 Gaetulorum
2171 885 2409 949 regem.
2515 869 2641 930 316

267 972 434 1036 Ι)1110
480 971 563 1036 ad
597 974 878 1036 Aeneam
913 979 1048 1056 ‘per
1101 970 1379 1036 conubia
1421 975 1665 1050 nostra,
1711 991 1830 1056 per
1871 971 2166 1053 inceptos
2209 967 2639 1054 hymenaeos’.

267 1081 390 1141 535
452 1074 966 1158 ’Nomadumque
1024 1079 1240 1159 petam
1303 1073 1581 1140 conubia
1647 1074 1939 1159 supplex’
2000 1075 2041 1141 1.
2088 1073 2161 1138 V.
2220 1095 2300 1156 p.,
2371 1071 2640 1136 Didonis

263 1178 482 1257 verba,
545 1199 713 1261 quae
773 1177 856 1243 ab
904 1181 1122 1244 Aenea
1181 1177 1586 1261 relinquitur.
1688 1178 1809 1242 VH
1859 1183 1940 1243 96
2000 1183 2100 1243 ‘ne
2160 1182 2309 1260 pete
2372 1174 2641 1240 conubis

267 1288 488 1346 natam
555 1283 804 1347 sociare
869 1282 1155 1361 Latinis’,
1230 1281 1466 1365 quibus
1531 1281 1745 1346 verbis
1811 1280 2144 1347 oraculum
2207 1280 2439 1345 Latino
2503 1277 2643 1360 regi

267 1384 502 1451 suadet
543 1407 624 1450 ne
671 1385 1003 1450 Laviniam
1047 1385 1265 1450 Turno
1297 1385 1680 1450 Rutulorum
1728 1385 2004 1470 principi
2050 1385 2117 1448 in
2161 1381 2640 1448 matrimonium

264 1489 391 1554 det.
454 1494 575 1554 333
624 1488 912 1554 ‘conubis
970 1489 1218 1554 ambire
1263 1489 1604 1568 Latinum',
1663 1488 1743 1554 de
1798 1489 2066 1554 Lavinia
2130 1508 2326 1572 quam
2385 1488 2641 1550 Aeneas

263 1612 533 1657 uxorem
597 1593 909 1659 ducturus
969 1598 1082 1659 est.
1172 1593 1263 1657 IX
1311 1597 1437 1660 600
1483 1593 1613 1677 ‘qui
1658 1598 1883 1658 nostra
1944 1592 2068 1657 sibi
2128 1592 2301 1657 bello
2360 1589 2637 1656 conubia

262 1697 578 1780 poscunt’,
639 1696 1064 1781 metonymice
1125 1695 1206 1760 de
1271 1696 1542 1761 Lavinia
1601 1717 1857 1780 sponsa.
1947 1697 2069 1762 XII
2131 1695 2347 1760 Latini
2409 1692 2638 1758 verba:

262 1799 677 1885 ‘prodiderim
725 1805 948 1864 natam
981 1805 1047 1863 et
1077 1799 1354 1864 conubia
1399 1805 1624 1864 nostra
1668 1800 2036 1883 petentem’,
2081 1805 2238 1866 ‘con.
2270 1797 2455 1864 nost.’
2500 1797 2541 1860 i.
2583 1818 2636 1861 e.

262 1904 746 1968 matrimonium
791 1903 965 1968 filiae
1025 1923 1225 1968 meae.
1315 1909 1434 1968 821
1500 1905 1645 1968 ‘iam
1714 1903 1981 1968 conubis
2048 1923 2275 1987 pacem
2323 1900 2638 1979 felicibus,

265 2006 444 2086 esto’,
485 2009 775 2090 itemque
821 2007 902 2071 de
934 2006 1190 2072 Aeneae
1235 2007 1671 2092 Laviniaeque
1718 2007 2033 2090 coniugio.
2124 2005 2258 2071 cul.
2306 2010 2448 2070 247.
2497 2009 2641 2068 299.

261 2110 609 2175 Ovidius
669 2131 791 2175 am.
848 2110 912 2175 II
963 2115 1020 2189 7,
1077 2115 1154 2175 21
1207 2112 1370 2195 ‘quis
1415 2111 1685 2176 Veneris
1757 2109 2041 2174 famulae
2115 2107 2395 2174 conubia
2472 2106 2639 2172 liber

261 2214 462 2278 inire’.
547 2213 751 2296 Epist.
783 2213 845 2277 II
891 2219 967 2279 81
1021 2219 1185 2278 ‘mea
1225 2214 1513 2297 despecti
1547 2213 1809 2296 fugiunt
1856 2212 2133 2278 conubia
2176 2211 2502 2291 Thraces’,
2550 2233 2636 2276 sc.

263 2316 592 2402 Phyllidis.
620 2316 712 2380 XI
743 2321 823 2382 99
871 2316 992 2380 ‘his
1023 2338 1170 2381 mea
1202 2368 1214 2382 .
1254 2367 1266 2381 .
1302 2317 1579 2382 conubia
1612 2317 1834 2383 donas’
1879 2320 1992 2398 (sc.
2018 2315 2359 2400 Canacae).
2424 2315 2575 2379 Met.
2606 2315 2639 2378 I

264 2422 393 2487 480
438 2419 616 2503 ‘quid
661 2419 930 2504 Hymen,
991 2420 1147 2503 quid
1194 2422 1408 2499 Amor,
1471 2421 1627 2504 quid
1690 2422 1819 2486 sint
1862 2420 2158 2498 conubia,
2219 2419 2443 2484 curat’.
2511 2423 2639 2484 490

267 2522 590 2588 ‘Phoebus
635 2577 648 2591 .
698 2574 712 2589 .
759 2524 938 2608 cupit
996 2523 1272 2589 conubia
1315 2524 1660 2609 Daphnes’.
1732 2525 1789 2589 X
1836 2531 1960 2591 518
2021 2523 2317 2588 ‘conubia
2376 2523 2637 2601 nostra’,

259 2628 298 2690 i.
351 2648 402 2691 e.
449 2627 731 2692 Atlantis
779 2628 961 2692 cuius
999 2627 1365 2712 coniugium
1413 2629 1554 2712 (cfr.
1589 2629 1743 2713 613)
1788 2629 1873 2693 ab
1918 2627 2324 2713 Hippomene
2371 2627 2633 2711 petitur.

257 2730 351 2794 XI
409 2735 532 2795 226
590 2731 902 2814 ‘Iuppiter
950 2781 962 2794 .
1015 2781 1029 2794 .
1077 2731 1369 2796 Thetidis
1430 2732 1710 2797 conubia
1775 2731 1979 2814 fugit’.
2091 2731 2216 2796 XII
2282 2736 2401 2798 194
2465 2730 2637 2794 ’0011-

259 2833 516 2914 tingant
562 2832 656 2896 illi
702 2833 981 2898 conubia
1024 2834 1290 2899 matris'.
1359 2835 1508 2900 XIV
1567 2840 1646 2901 69
1710 2835 2054 2919 (Glaucus)
2114 2834 2300 2918 ‘fugit
2356 2832 2635 2899 conubia

259 2933 496 3000 Circes’
519 2935 589 3018 1).

434 3039 857 3118 convivia,
916 3061 1110 3122 quam
1156 3061 1377 3104 vocem
1421 3046 1655 3124 poetae
1698 3041 1849 3105 inde
1894 3062 1934 3105 a
1979 3041 2211 3106 Plauto
2257 3040 2633 3124 saepissime

257 3144 323 3207 in
383 3164 568 3207 usum
633 3145 898 3224 vocant3
961 3142 1262 3227 dactylici
1315 3165 1442 3207 non
1499 3145 1622 3208 nisi
1683 3144 1892 3208 forma
1951 3143 2280 3209 ‘convivia’
2342 3149 2631 3209 utuntur.

256 3267 405 3330 pps
478 3248 756 3330 primum
823 3247 996 3331 apud
1061 3247 1519 3331 Vergilium
1587 3249 1888 3313 occurrit.
1977 3250 2005 3312 I
2068 3253 2191 3314 638
2254 3247 2633 3332 ‘mediisque

255 3355 496 3434 parant
565 3350 854 3414 convivia
917 3351 1147 3431 tectis’,
1212 3352 1251 3415 i.
1301 3352 1373 3414 V.
1420 3374 1501 3434 p.,
1549 3373 1632 3418 sc.
1693 3352 1963 3417 Didonis
2028 3352 2213 3431 servi,
2282 3356 2629 3435 postquam

259 3456 510 3517 Aeneas
555 3453 832 3518 advenit.
920 3453 1007 3520 IV
1031 3460 1111 3517 77
1137 3455 1304 3518 Dido
1336 3454 1616 3520 ‘labente
1650 3455 1756 3520 die
1789 3457 2079 3520 convivia
2111 3454 2386 3538 quaerit’
2412 3456 2451 3520 i.
2471 3456 2544 3522 V.
2568 3478 2629 3539 p.

255 3555 650 3621 Tibullus
698 3578 818 3640 pps
861 3557 953 3621 III
988 3563 1044 3636 6,
1080 3563 1158 3624 59
1207 3557 1393 3641 ‘fugit
1421 3564 1684 3623 nostrae
1718 3561 2008 3624 convivia
2052 3559 2350 3637 mensae’,
2396 3559 2436 3623 i.
2461 3559 2535 3623 V.
2568 3580 2630 3642 p.
2704 3587 2706 3589 ·

252 3658 762 3742 Propertius
806 3660 893 3725 IV
953 3667 1009 3740 6,
1065 3667 1137 3726 71
1192 3661 1487 3726 ‘candida
1546 3679 1718 3727 nunc
1772 3663 1948 3727 molli
2006 3663 2305 3728 subeant·
2341 3663 2633 3727 convivia

252 3762 438 3840 lueo’‚
483 3763 524 3827 i.
563 3763 626 3845 V.
662 3785 722 3846 p.
799 3764 1024 3843 11110‚
1075 3770 1154 3830 25
1217 3765 1296 3830 110
1342 3766 1630 3830 convivio
1695 3768 1867 3849 quod
1912 3766 2222 3852 Cynthiae
2273 3765 2375 3830 die
2421 3768 2626 3832 natali

255 3864 624 3930 celebratur
670 3865 1034 3950 ‘dulciaque
1071 3869 1362 3951 ingratos
1410 3868 1701 3933 adimant
1739 3871 2029 3934 convivia
2060 3869 2355 3948 somnos’,
2399 3870 2437 3932 i.
2464 3870 2538 3935 V.
2563 3893 2625 3954 p.

252 3970 305 4035 Ο
327 3969 607 4034 vidius
655 3974 804 4033 met.
829 3970 916 4034 IV
942 3976 1065 4036 763
1105 3971 1449 4056 ‘Cepheum
1481 3993 1785 4056 proceres
1834 3974 2060 4038 ineunt
2091 3973 2382 4037 convivia
2412 3974 2625 4055 regis',

249 4074 288 4137 1.
337 4073 411 4136 V.
452 4095 513 4156 p.
581 4073 704 4137 XII
749 4077 872 4136 222
930 4080 1213 4140 ‘eversae
1281 4077 1552 4140 turbant
1619 4077 1913 4140 convivia
1972 4074 2272 4153 mensae’,
2328 4075 2368 4139 i.
2415 4077 2489 4142 V.
2533 4098 2624 4160 p.;

251 4177 331 4241 de
379 4176 686 4254 convivi0,
751 4176 926 4258 quod
980 4179 1223 4261 nuptiis
1281 4178 1554 4243 Pirithoi
1613 4184 1680 4244 et
1724 4178 2197 4262 Hippodamiae
2254 4179 2622 4245 institutum

248 4286 364 4344 est.
435 4279 590 4343 XIII
635 4285 759 4343 675
805 4279 1067 4345 ‘talibus
1111 4286 1454 4364 postquam
1502 4283 1793 4346 convivia
1838 4282 2026 4346 dictis
2055 4281 2456 4364 Implerunt’.
2526 4283 2619 4348 Ib.

424 4417 473 4484 1)
515 4414 790 4484 Bednara
809 4416 928 4471 542.
