3325 5359
1202 363 1634 424 -29—

234 529 593 612 Scriptores
612 530 1086 613 posterioribus
1109 529 1366 596 demum
1389 530 1795 614 temporibus
1818 530 1943 595 hoc
1964 530 2280 596 vocabulo
2302 536 2609 598 utuntur:

231 632 386 698 Plin.
433 633 688 698 Petron.
737 634 1104 700 Christiani.
1198 635 1396 698 Deest
1441 635 1614 717 apud
1657 634 1953 699 Neuium.
2078 640 2087 646 “

397 738 852 820 apsinthia.
951 737 1220 802 Plautus
1284 739 1572 820 saepius,
1636 737 1751 802 sed
1812 758 1941 802 non
1998 739 2123 802 nisi
2188 739 2609 820 singulariter

229 839 566 904 hac-voce
629 843 856 906 utitur.
972 843 1266 924 Itemque
1334 843 1686 923 scriptores
1776 843 2157 924 posterioris
2224 843 2463 906 aetatis
2536 847 2609 907 ut

231 939 490 1023 Plinius,
544 945 772 1024 Varro,
833 945 1074 1024 Celsus,
1147 946 1581 1024 Quintilianus
1637 945 1768 1008 alii.
1858 945 2309 1010 Lucretius
2362 947 2611 1029 primus

231 1048 647 1130 pluralem
706 1050 1076 1131 usurpavit,
1137 1049 1438 1130 nimirum
1501 1049 1876 1130 quinquies:
1935 1049 1966 1111 I
2012 1054 2136 1114 936
2196 1051 2435 1132 ‘pueris
2496 1071 2608 1132 ap-

232 1151 472 1216 sinthia
512 1157 728 1216 taetra
787 1152 1118 1216 medentes
1167 1201 1180 1215 .
1213 1202 1228 1216 .
1261 1201 1276 1216 .
1322 1151 1498 1216 dare’
1544 1153 1584 1216 i.
1633 1153 1705 1216 V.
1751 1173 1813 1235 p.
1862 1152 2088 1217 eadem
2134 1153 2334 1217 verba
2372 1153 2458 1217 IV
2515 1158 2611 1217 11.

99 1315 109 1323 .
236 1260 355 1319 124
415 1255 764 1338 ‘apsinthia
820 1255 1052 1319 taetra’
1115 1257 1180 1339 (i.
1237 1256 1310 1320 V.
1371 1258 1480 1338 p.).
1611 1259 1737 1320 224
1782 1255 2141 1338 ‘dilutaque
2203 1263 2432 1320 contra
2493 1306 2559 1322 ..
2595 1306 2608 1319 .

232 1359 598 1441 apsinthia’‚
651 1359 869 1423 attrib.
916 1360 955 1422 i.
989 1359 1082 1438 V„
1126 1358 1442 1423 substant.
1487 1359 1528 1422 i.
1561 1358 1667 1422 IV.
1708 1381 1787 1440 p.;
1836 1359 2061 1423 eadem
2105 1360 2308 1424 verba
2334 1360 2423 1424 VI
2466 1365 2611 1426 934.

233 1461 392 1526 Gen.
433 1463 594 1545 sing.
647 1461 898 1528 duobus
951 1463 1112 1528 locis
1154 1463 1194 1527 i.
1241 1463 1288 1526 I.
1325 1485 1388 1545 p.
1450 1468 1600 1527 ante
1648 1483 1851 1526 cons.:
1900 1463 1927 1527 Ι
1972 1470 2099 1529 940
2154 1463 2459 1546 ‘apsinthi
2516 1463 2611 1528 la·-

232 1565 444 1628 ticem'
486 1565 656 1630 idem
705 1567 787 1631 lV
843 1571 938 1646 16,
984 1567 1046 1630 11
1082 1572 1210 1632 400
1251 1566 1394 1651 (cfr.
1429 1567 1612 1633 Maas
1656 1565 1697 1630 l.
1745 1587 1797 1630 c.
1832 1568 2002 1651 508).
2092 1566 2449 1631 Ovidius
2506 1573 2613 1631 ter

232 1667 397 1751 plur.
464 1669 758 1734 exhibet:
818 1671 986 1738 trist.
1032 1670 1084 1731 V
1140 1675 1235 1748 13,
1283 1676 1356 1735 21
1411 1677 1594 1734 ‘cana
1637 1670 1920 1754 prius..
1951 1720 1964 1733 .
2012 1670 2227 1735 desint
2284 1671 2614 1754 apsinthia

233 1771 477 1851 Ponto’,
539 1773 780 1838 eisdem
843 1795 1066 1838 versus
1125 1773 1286 1838 locis
1329 1775 1511 1838 Pont.
1558 1775 1649 1838 111
1705 1781 1755 1852 l,
1798 1779 1879 1838 23
1928 1774 2163 1838 ‘tristia
2208 1795 2327 1856 per
2369 1793 2613 1838 vacuos

230 1874 497 1940 horrent
561 1876 890 1960 apsinthia
955 1878 1268 1959 campos’‚
1351 1879 1636 1960 itemque
1703 1883 1762 1955 8,
1828 1883 1903 1942 15
1975 1877 2219 1941 ‘tristia
2286 1877 2609 1942 deformes

228 1980 495 2061 pariunt
540 1980 869 2063 apsinthia
914 1981 1163 2064 campi’.

407 2083 726 2148 Vocabuli
789 2105 986 2148 arae
1045 2083 1319 2167 pluralis
1380 2105 1508 2166 quo
1565 2089 1801 2167 poetae
1850 2082 2001 2148 inde
2046 2103 2087 2147 a
2136 2083 2420 2166 Vergilio
2474 2104 2615 2148 sae-

233 2189 495 2271 pissime
539 2193 814 2252 utuntur
852 2188 935 2251 ad
981 2208 1176 2252 unam
1222 2193 1474 2252 tantum
1538 2208 1716 2251 aram
1764 2186 2254 2270 significandam
2298 2209 2419 2271 per
2461 2208 2617 2252 ana-

236 2291 474 2374 logiam
520 2292 796 2356 nominis
844 2291 1118 2355 ‘altaria’
1166 2291 1338 2374 quod
1371 2292 1758 2374 optimorum
1795 2291 2184 2374 scriptorum
2215 2290 2625 2375 temporibus

233 2396 399 2478 plur.
453 2400 710 2459 tantum
771 2400 871 2459 est
914 2435 997 2442 —
1047 2395 1382 2459 christiani
1443 2395 1701 2458 demum
1762 2394 2076 2477 singulari
2134 2400 2435 2475 utuntur3
2498 2395 2615 2458 cfr.

235 2497 510 2562 Neuium
557 2501 596 2566 Ι
639 2503 760 2562 689
817 2537 880 2545 -
949 2499 1018 2562 in
1071 2504 1412 2582 poetarum
1459 2519 1819 2562 sermonem
1872 2519 2016 2562 cum
2062 2498 2177 2562 illa
2238 2499 2496 2582 poetica
2540 2498 2615 2562 li-

236 2603 450 2666 centia
505 2602 945 2668 introductum
1004 2603 1260 2666 videtur
1317 2623 1475 2666 esse.
1567 2601 1855 2666 Primum
1900 2624 2051 2685 pps
2111 2608 2293 2666 extat
2349 2603 2415 2666 in
2462 2602 2615 2665 Lu-

237 2706 498 2769 cretii
540 2705 652 2769 lib.
688 2705 826 2771 189
877 2711 1049 2771 ‘ante
1096 2704 1565 2789 arasgadstare
1611 2711 1949 2788 parentem
1986 2706 2240 2785 Sensit'‚
2286 2709 2370 2770 ad
2416 2705 2616 2791 synal.

237 2808 546 2888 evitand.;
606 2813 672 2872 et
727 2809 756 2874 I
803 2815 882 2874 95
942 2809 1502 2892 ‘tremibundaque
1545 2809 1629 2872 ad
1677 2830 1827 2886 aras
1872 2809 2265 2874 Deductast’.
2370 2809 2619 2886 Quibus

235 2912 304 2975 in
347 2911 658 2994 exemplis
697 2912 776 2976 de
825 2913 1164 2996 Iphigenia
1209 2913 1425 2994 agitur
1472 2933 1638 2995 quae
1676 2912 1761 2976 ad
1806 2912 2067 2976 ‘Triviai
2110 2913 2372 2994 virginis
2416 2913 2617 2978 aram’

239 3017 324 3097 (v.
385 3015 496 3097 84)
555 3015 885 3078 mactandi
950 3036 1149 3079 causa
1211 3015 1486 3079 ducitur.
1586 3015 2021 3096 Vergilius
2068 3037 2191 3098 pps
2248 3019 2356 3080 Ae.
2403 3016 2433 3079 Ι
2493 3023 2617 3082 349

237 3118 365 3182 ‘ille
411 3118 770 3202 Sychaeum
804 3167 817 3182 .
841 3168 854 3183 .
882 3169 895 3184 .
931 3124 1082 3183 ante
1132 3124 1536 3202 arasvatque
1569 3167 1584 3182 .
1617 3168 1630 3183 .
1667 3168 1680 3183 .
1714 3118 1887 3183 ferro
1934 3118 2239 3201 superat’‚
2286 3119 2373 3182 ad
2418 3119 2618 3202 synal.

241 3221 540 3302 evitand„
599 3222 780 3286 nulla
839 3227 1110 3304 cogente
1169 3243 1369 3286 causa
1429 3222 1719 3301 metrica,
1786 3221 1901 3286 sed
1962 3223 2179 3286 nescio
2238 3243 2322 3286 an
2378 3221 2619 3306 plurali

239 3332 436 3408 poeta
467 3344 535 3390 m
569 3327 828 3391 litt-erae
858 3327 1312 3410 repetitionem
1344 3326 1741 3390 cumulatam
1754 3326 2021 3400 *evitare
2050 3325 2343 3390 voluerit.
2398 3325 2461 3390 II
2492 3330 2615 3390 202

233 3435 517 3494 ‘taurum
578 3480 591 3493 .
626 3480 639 3493 .
674 3480 687 3495 .
748 3430 1083 3494 mactabat
1141 3430 1225 3494 ad
1281 3430 1468 3494 aras’.
1574 3436 1698 3495 574
1763 3430 2129 3495 ‘abdiderat
2205 3451 2346 3494 sese
2419 3435 2619 3512 atque

239 3535 368 3597 aris
427 3534 632 3598 invisa
691 3533 978 3598 sedebat'
1040 3535 1154 3618 (sc.
1213 3534 1506 3617 Helena).
1613 3537 1737 3598 663
1785 3539 2055 3617 ‘patrem
2113 3533 2222 3616 qui
2270 3532 2622 3618 obtrungat
2720 3617 2727 3628 ε

239 3637 342 3700 αά
386 3636 573 3715 aras',
629 3637 910 3702 fortasse
968 3637 1062 3700 III
1129 3642 1245 3700 118
1304 3635 1510 3722 (aris).
1615 3641 1737 3701 332
1803 3637 2210 3720 ‘patriasque
2268 3636 2619 3701 obtruncat

241 3739 325 3802 ad
371 3739 540 3803 aras’
588 3760 673 3802 sc.
749 3739 1012 3804 Orestes
1053 3739 1384 3804 interfecit
1422 3739 1739 3823 Pyrrhum
1784 3739 1870 3803 ad
1926 3759 2107 3803 aram
2152 3761 2347 3822 quam
2385 3739 2621 3803 Achilli

242 3843 418 3925 patri
464 3842 732 3925 Delphis
777 3849 1209 3907 exstruxerat.
1318 3848 1438 3908 545
1504 3844 1743 3925 ‘capita
1788 3849 1939 3907 ante
1998 3863 2147 3906 aras
2194 3843 2473 3926 Phrygio
2513 3863 2619 3906 ve-

242 3946 457 4009 lamur
503 3946 784 4010 amictu’.
859 3947 946 4011 IV
993 3952 1119 4012 204
1167 3952 1338 4010 ‘ante
1369 3950 1557 4026 aras',
1596 3946 1677 4011 de
1723 3947 1949 4010 eadem
1996 3967 2113 4010 ara
2152 3951 2275 4011 219
2321 3953 2619 4027 ‘arasque

243 4055 569 4114 tenentem
617 4049 830 4114 audiit
889 4050 1332 4132 omnipotens’.
1421 4050 1517 4114 De
1563 4049 1695 4114 hac.
1732 4049 2013 4113 formula
2057 4056 2357 4131 ‘arasque
2397 4054 2617 4112 tenen-

242 4153 391 4219 tem’
451 4175 620 4236 quae
683 4154 942 4236 saepius
999 4155 1064 4216 in
1129 4146 1524 4218 carminibus
1585 4154 1789 4217 sacris
1854 4153 2144 4216 occurrit
2202 4152 2315 4216 cfr.
2358 4149 2621 4216 Norden

243 4257 329 4321 ad
389 4257 575 4339 Verg.
622 4257 709 4322 VI
763 4263 880 4321 124
944 4279 1005 4340 p.
1058 4263 1196 4322 158.
1287 4257 1375 4321 IV
1421 4263 1545 4322 676
1608 4257 1878 4320 Didonis
1936 4277 2121 4320 soror
2186 4262 2399 4320 Anna:
2476 4255 2620 4319 ‘hoc

244 4381 442 4444 rogus
479 4361 604 4425 iste
649 4360 826 4440 mihi,
864 4360 986 4425 hoc
1031 4363 1214 4442 ignes
1248 4359 1893 4444 araeque‘parabant
1910 4359 1960 4423 ‘1³’
2024 4360 2077 4424 V
2126 4364 2207 4425 86
2250 4359 2619 4441 ‘lapsusque

251 4486 370 4549 per
417 4463 606 4530 aras'.
696 4464 784 4530 VI
839 4469 954 4529 124
1016 4472 1313 4548 ‘arasque
1373 4460 1694 4530 tenebat'.
1804 4468 1926 4529 252
1976 4463 2217 4548 ‘Stygio
2277 4462 2416 4545 regi
2468 4483 2616 4526 noc-
