3325 5359
1738 368 2167 431 -36-

763 538 1036 624 pluralis
1082 558 1473 622 quamquam
1523 537 1687 622 sing.
1740 537 2153 622 sepulchrum
2199 536 2546 624 antecedit.
2602 536 2693 602 IV
2722 540 2781 615 6,
2814 540 2897 601 84
2944 534 3060 599 ‘ire
3086 582 3143 598 ..

758 644 844 709 ad
883 649 1000 708 tua
1047 642 1246 708 busta
1290 643 1460 708 licet'
1513 663 1600 707 sc.
1640 641 1893 721 Crassi,·
1920 643 1961 707 i.
1994 640 2066 707 V.
2112 664 2172 726 p.
2209 646 2264 721 ’7,
2314 644 2396 707 34
2442 640 2521 705 de
2568 639 2881 724 Cynthiae
2926 637 3146 723 sepul-

758 747 954 812 chro:
1019 747 1250 812 ‘fracto
1319 746 1515 811 busta
1579 746 1764 830 piare
1828 745 2031 826 cado’,
2100 750 2251 830 post
2320 745 2711 829 pentametri
2782 763 3145 809 caesuram.

753 850 1112 917 Ovidius
1159 871 1280 916 am.
1310 850 1372 914 II
1403 855 1463 932 9,
1512 854 1592 915 38
1641 849 1979 915 ‘colentem
2025 870 2284 919 mors..
2326 850 2394 912 in
2440 869 2602 913 cava
2643 848 2840 913 busta
2881 844 3146 924 trahet’‚

751 956 791 1019 i.
831 954 906 1020 V.
952 977 1013 1039 p.
1077 954 1170 1020 Ib.
1236 959 1360 1019 329
1419 954 1685 1019 ’circum
1747 952 1943 1019 busta
1986 953 2346 1039 Thrasylli’‚
2392 954 2431 1017 i.
2458 954 2533 1017 V.
2578 974 2642 1035 p.
2732 951 2883 1017 Met.
2926 949 3015 1015 IV
3060 954 3146 1015 88

757 1058 1165 1124 ‘conveniant
1223 1056 1305 1122 ad
1364 1056 1560 1122 busta
1619 1056 1827 1139 Nini’3
1910 1057 2025 1126 cfr.
2086 1080 2143 1121 v.
2192 1062 2270 1121 95
2335 1056 2417 1121 de
2478 1056 2703 1121 eodem
2765 1053 3146 1138 sepulchro:

754 1162 1072 1246 ‘pervenit
1100 1161 1186 1227 ad
1214 1161 1571 1226 tumulum'.
1616 1161 1771 1227 VIII
1801 1165 1925 1225 710
1954 1161 2303 1244 ‘coniugis.
2331 1211 2345 1226 .
2368 1160 2575 1225 Busta
2605 1158 2807 1224 meae’
2838 1158 2946 1242 (de
2975 1158 3147 1222 Bau-

753 1265 945 1349 cide),
989 1266 1030 1330 i.
1083 1265 1130 1329 I.
1178 1288 1240 1350 p.
1332 1264 1487 1331 XIII
1531 1270 1653 1331 515
1716 1264 1797 1329 de
1844 1264 2110 1330 Achillis
2173 1263 2548 1349 sepulchro:
2620 1263 2903 1328 ‘hostilia
2948 1260 3148 1326 busta

751 1368 988 1453 piasti’‚
1032 1369 1072 1433 i.
1113 1368 1188 1434 V.
1235 1391 1296 1454 p.
1377 1368 1570 1434 Trist.
1601 1368 1696 1431 III
1736 1373 1832 1448 11,
1872 1373 1953 1433 26
2000 1367 2342 1451 ‘bustaque
2386 1372 2613 1433 nostra
2654 1365 2860 1450 petis',
2898 1366 2940 1431 i.
2975 1366 3047 1429 V.
3078 1386 3146 1448 p.

753 1472 939 1537 Pont.
1008 1473 1040 1538 I
1104 1477 1162 1552 2,
1225 1477 1344 1539 152
1422 1472 1635 1537 ‘busta
1708 1473 1812 1537 sui
1879 1471 2044 1537 fiant
2113 1479 2186 1538 ut
2255 1472 2565 1556 propiora
2633 1470 2773 1535 viri’
2836 1468 3149 1554 (coniunx

757 1575 837 1640 de
880 1577 1122 1660 poeta).
1189 1575 1364 1641 Fast.
1400 1574 1452 1639 V
1486 1580 1610 1641 426
1659 1575 1873 1654 ,busta
1917 1575 2146 1660 piabat
2192 1575 2333 1656 avi’,
2378 1597 2439 1663 p.
2471 1580 2647 1660 pent.
2684 1594 2851 1639 caes.
2928 1572 3148 1637 Semel

761 1678 1062 1744 ‘bustum'
1128 1684 1277 1744 met.
1330 1678 1418 1745 VI
1464 1682 1611 1759 665,
1673 1684 1944 1764 propter
2006 1678 2395 1745 attributum
2466 1677 2889 1757 ‘miserabile’,
2958 1676 3147 1741 cuius

758 1781 926 1867 plur.
972 1782 1353 1868 tribrachyn
1399 1781 1829 1867 praebuisset.

929 1903 1365 1987 Capitolia
1395 1903 1447 1989 1)
1524 1925 1645 1989 pro
1721 1903 2167 1987 ‘Capitolium’.
2286 1904 2483 1969 Cuius
2556 1902 2832 1968 nominis
2904 1899 3148 1985 plurali

761 2028 1030 2073 numero
1091 2012 1325 2091 poetae
1383 2013 1639 2072 tantum
1700 2012 1974 2072 utuntur
2032 2008 2509 2091 praetermissis
2554 2007 2782 2092 paucis
2826 2004 3149 2091 posterio-

762 2133 906 2176 rum
937 2117 1304 2195 temporum
1336 2110 1805 2196 scriptoribus3
1853 2111 1938 2176 ad
1966 2112 2165 2176 talem
2196 2132 2384 2176 usum
2415 2116 2693 2195 apparet
2721 2129 2831 2175 eos
2861 2129 2989 2172 non
3021 2108 3149 2171 nisi

762 2215 954 2280 metri
984 2208 1401 2281 'necessitate
1463 2220 1725 2280 coactos
1770 2234 1931 2279 esse.
2021 2215 2195 2280 Plur.
2239 2216 2559 2299 imprimis
2602 2215 2667 2278 in
2714 2214 2789 2278 V.
2832 2234 2895 2296 p.
2944 2218 3147 2275 extat.

762 2318 1028 2384 Norden
1071 2319 1138 2383 in
1177 2318 1642 2383 commentario
1674 2318 2051 2401 Vergiliano
2095 2341 2158 2403 p.
2194 2322 2319 2384 324
2365 2317 2725 2403 compluria
2760 2321 3149 2399 argumenta

760 2422 1032 2507 profert,
1083 2422 1320 2505 quibus
1365 2422 1494 2486 iam
1526 2421 1804 2486 Ennium
1848 2421 2042 2489 huius
2074 2422 2249 2487 vocis
2293 2421 2457 2506 plur.
2482 2422 2809 2505 poeticum
2841 2419 2967 2484 sibi
2996 2440 3147 2501 per-

762 2526 1014 2590 misisse
1065 2524 1416 2590 verisimile
1475 2524 1731 2589 videtur
1791 2544 1950 2589 esse.
2038 2526 2254 2590 Prima
2313 2525 2609 2610 exempla
2667 2524 2733 2587 in
2779 2522 3149 2605 Vergilii

765 2628 1164 2695 carminibus
1209 2627 1640 2693 inveniuntur.
1730 2631 1843 2693 Ae.
1892 2627 1977 2693 VI
2024 2634 2147 2694 836
2194 2628 2535 2713 ‘Capitolia
2580 2627 2665 2692 ad
2712 2626 2864 2692 alta'
2906 2627 2945 2692 i.
2976 2625 3049 2691 V.
3084 2647 3149 2708 p.

763 2738 830 2798 et
881 2732 1026 2797 VIII
1059 2736 1179 2797 347
1229 2728 1345 2796 ‘ad
1377 2731 1722 2814 Tarpeiam
1769 2731 1986 2797 sedem
2034 2739 2099 2797 et
2130 2732 2451 2816 Capitolia
2490 2731 2715 2797 ducit'.
2764 2735 2887 2795 653
2926 2727 3151 2813 ‘Capi-

764 2836 922 2901 tolia
989 2835 1164 2900 celsa
1229 2834 1542 2915 tenebat',
1607 2835 1647 2899 i.
1695 2835 1768 2900 V.
1816 2858 1877 2920 p.
1963 2836 2205 2919 Singul.
2269 2857 2409 2920 geu.
2470 2836 2565 2901 IX
2612 2841 2738 2901 448
2800 2841 2952 2899 ante
3012 2853 3149 2897 voc.

761 2939 1274 3024 Propertius
1350 2939 1438 3005 IV
1507 2944 1568 3019 4,
1646 2945 1726 3004 27
1810 2939 2153 3025 ‘Capitolia
2220 2939 2447 3005 nubila
2527 2940 2743 3019 fumo’,
2832 2939 2872 3003 i.
2947 2938 3016 3003 V.
3082 2960 3148 3020 p.

764 3043 1121 3109 Ovidius
1177 3066 1234 3108 a.
1282 3064 1339 3108 a.
1385 3042 1479 3108 III
1530 3048 1650 3108 115
1709 3042 2067 3126 ‘Capitolia’
2112 3044 2152 3109 i.
2204 3044 2307 3109 1v.
2350 3067 2412 3129 p.
2458 3043 2613 3109 Met.
2659 3045 2689 3108 I
2738 3048 2862 3109 560
2922 3041 3154 3106 ‘visent

766 3148 994 3231 longas
1026 3144 1350 3232 Capitolia
1377 3146 1689 3231 pompas’.
1747 3147 1811 3211 II
1858 3152 1980 3213 538
2026 3147 2350 3233 Capitolia
2394 3153 2547 3212 ante
2587 3168 2759 3212 cons,
2790 3147 2829 3212 i.
2864 3146 2937 3211 V.
2973 3167 3034 3228 p.
3082 3149 3154 3208 et

762 3250 882 3316 XV
931 3257 1071 3317 589.
1131 3255 1255 3315 828
1302 3250 1642 3315 ‘servitura
1697 3269 1813 3313 suo
1861 3248 2183 3335 Capitolia
2225 3256 2450 3317 nostra
2494 3250 2797 3334 Canopo’,
2848 3250 2888 3313 i.
2935 3246 3039 3315 IV.
3084 3271 3150 3331 p.

772 3358 840 3419 et
889 3359 1007 3419 841
1061 3353 1404 3438 ‘Capitolia
1450 3358 1677 3417 nostra
1722 3352 2101 3437 forumque’.
2143 3355 2318 3420 Fast.
2364 3356 2395 3418 Ι
2442 3359 2563 3420 203
2610 3356 2651 3419 i.
2693 3354 2766 3419 V.
2814 3376 2874 3438 p.
2934 3357 3057 3418 453
3106 3353 3149 3417 i.

771 3458 878 3523 1V.
921 3480 983 3541 p.
1031 3462 1182 3522 ante
1229 3478 1400 3523 cons.
1443 3461 1510 3521 et
1549 3457 1612 3521 II
1657 3460 1801 3521 667.
1859 3458 1945 3521 VI
1991 3463 2070 3523 73
2118 3464 2339 3523 ‘aurea
2382 3458 2675 3543 possedit
2718 3508 2779 3523 ..
2827 3457 3153 3543 Capitolia

763 3559 1054 3645 templo',
1117 3561 1157 3624 i.
1201 3560 1250 3625 I.
1297 3582 1358 3645 p.
1409 3558 1649 3635 attrib„
1679 3568 1746 3625 et
1802 3560 2005 3626 subst.
2051 3563 2091 3626 i.
2138 3563 2211 3626 V.
2256 3584 2318 3646 p.
2408 3562 2584 3627 Idem
2643 3568 2758 3627 351
2812 3562 3043 3626 ‘cincta
3081 3611 3094 3626 .
3134 3612 3148 3625 .

767 3663 1094 3748 Capitolia
1133 3662 1376 3730 Gallis’.
1425 3662 1529 3728 Tr.
1577 3664 1606 3727 1
1652 3668 1709 3744 3,
1759 3668 1840 3730 29
1888 3664 2228 3749 ‘Capitolia
2260 3666 2567 3746 cernens’,
2611 3667 2651 3734 i.
2669 3667 2835 3750 V.'p.
2869 3672 2933 3730 et
2963 3665 3149 3729 Pont.

761 3767 848 3857 IV
898 3772 957 3849 9,
1003 3773 1060 3832 5.
1112 3767 1270 3832 Gen.
1310 3767 1469 3850 sing.
1518 3766 1704 3832 Pont.
1747 3767 1843 3832 111
1893 3774 1946 3846 1,
1996 3773 2116 3833 135
2165 3768 2465 3852 ‘Capitoli
2508 3790 2686 3834 more
2731 3768 3037 3834 colenda’.

932 3886 1399 3972 carmina2).
1490 3886 1687 3953 Cuius
1728 3888 1905 3953 vocis
1950 3888 2116 3973 plur.
2148 3890 2443 3972 poeticus
2490 3888 2867 3955 difficillime
2914 3895 3012 3954 est
3050 3889 3151 3954 di-

762 3990 1166 4069 iudicandus,
1234 3991 1387 4074 quia
1453 3991 1756 4055 carminis
1819 3997 2043 4075 partes
2103 3992 2278 4057 velut
2336 3993 2520 4075 liber,
2582 3993 2871 4076 stropha,
2923 3996 3151 4057 versus

765 4094 1044 4177 denique
1087 4094 1213 4178 ipsi
1245 4114 1731 4176 nonnumquam
1778 4101 1965 4158 recte
2003 4096 2328 4161 ‘carmina’
2378 4097 2696 4161 dicuntur.
2728 4134 2812 4144 —
2848 4118 2970 4180 pps
3014 4097 3150 4179 pri-

760 4220 933 4264 mum
997 4197 1172 4282 apud
1219 4197 1704 4262 Lucretium
1760 4196 2016 4262 obviam
2064 4196 2139 4262 fit
2182 4201 2211 4264 1
2258 4206 2382 4266 934
2428 4200 2725 4265 ‘obscura
2770 4198 2848 4264 de
2893 4220 2965 4265 re
3010 4206 3151 4264 tam

935 4389 985 4455 l)
1022 4386 1278 4441 Bednara
1311 4387 1427 4441 542.
1501 4387 1889 4442 Braumueller
1930 4390 2007 4443 11.

932 4475 985 4541 2)
1023 4472 1278 4529 Bednara
1313 4474 1349 4528 l.
1388 4490 1436 4531 c.
1473 4492 1526 4545 p.
1565 4475 1683 4529 555.
