3325 5359
1149 1246 1799 1367 PRAEFATIO.

459 1455 552 1520 Ut
594 1453 1008 1538 quaestiones
1051 1473 1220 1537 quae
1266 1452 1349 1516 ad
1394 1451 1667 1536 pluralis
1712 1451 1950 1535 poetici
1990 1455 2291 1516 naturam
2336 1451 2667 1536 pertinent

289 1558 802 1642 investigandam
849 1557 1272 1634 instituerem,
1317 1555 1572 1620 duabus
1617 1555 1699 1620 de
1743 1556 1956 1620 causis
2000 1577 2142 1620 sum
2184 1559 2553 1638 permotus:
2600 1559 2667 1620 et

290 1663 444 1745 quia
488 1663 564 1754 in.
601 1663 816 1726 animo
857 1660 1069 1725 habeo
1128 1660 1408 1724 indicem
1441 1660 1531 1723 -in
1571 1658 1781 1724 lucem
1841 1659 2001 1724 dare
2046 1680 2243 1743 quam
2292 1657 2665 1742 locupletis-

287 1766 516 1831 simum
577 1765 644 1829 in
689 1785 818 1848 quo
874 1763 1105 1846 collegi
1165 1762 1460 1846 exempla
1517 1761 1789 1847 pluralis
1849 1763 2092 1846 poetici
2153 1783 2321 1846 quae
2376 1761 2527 1826 inde
2582 1759 2666 1826 ab

286 1869 493 1933 Ennio
538 1890 744 1952 usque
791 1869 874 1933 ad
921 1867 1217 1932 Ovidium
1263 1905 1350 1914 --
1394 1871 1667 1950 excepto
1710 1867 1987 1930 Horatio
2030 1903 2117 1914 -
2159 1865 2227 1930 in
2274 1864 2669 1930 carminibus
2740 1855 2745 1858 ¹

286 1971 622 2056 dactylicis
667 1977 733 2036 et
775 1971 976 2056 epicis
1023 1975 1088 2036 et
1134 1969 1436 2053 elegiacis
1482 1969 1929 2050 inveniuntur3
1974 1973 2041 2034 et
2082 1974 2159 2033 ut
2209 1968 2475 2033 reiciam
2521 1987 2665 2032 sen-

283 2076 522 2140 tentias
555 2075 837 2140 virorum
871 2074 1212 2139 doctorum
1253 2073 1364 2156 qui
1407 2073 1777 2157 nuperrime
1821 2073 1991 2137 hanc
2036 2093 2171 2137 rem
2216 2075 2666 2140 ‚tractaverunt

283 2178 398 2258 ita,
457 2184 534 2243 ut
573 2179 784 2243 denuo
833 2177 1095 2260 aliquod
1157 2176 1642 2260 significationis
1690 2176 2035 2240 discrimen
2089 2174 2326 2260 plurali
2369 2194 2490 2258 pro
2536 2174 2664 2239 sin-

285 2281 496 2364 gulari
559 2283 774 2366 posito
838 2282 1051 2346 inesse
1118 2279 1614 2346 arbitrarentur.
1649 2318 1757 2352 ‚—
1820 2280 1963 2344 Hoc
2032 2283 2251 2344 autem
2318 2277 2545 2343 ordine
2598 2278 2666 2342 in

284 2385 559 2450 materia
590 2385 1042 2451 distribuenda
1072 2389 1347 2464 utemur,
1393 2389 1467 2448 ut
1497 2385 1775 2467 primum
1806 2382 2119 2467 exemplis
2160 2380 2484 2446 nonnullis
2513 2401 2665 2464 pro-

271 2489 512 2573 positis
577 2490 786 2573 ipsam
853 2488 1297 2572 quaestionem
1369 2487 1825 2570 disceptemu8‚
1892 2492 2110 2551 utrum
2177 2484 2666 2568 significationis

283 2593 628 2658 discrimen
675 2594 846 2658 inter
891 2592 1283 2676 singularem
1330 2596 1396 2655 et
1439 2591 1760 2674 pluralem
1822 2589 2123 2674 cognosci
2177 2589 2387 2673 possit
2443 2608 2663 2654 necne.

282 2681 530 2761 Deinde
589 2697 806 2761 variae
864 2696 1150 2761 virorum
1211 2694 1548 2759 doctorum
1617 2695 1977 2759 sententiae
2030 2692 2318 2759 breviter
2379 2691 2666 2757 illustra-

282 2798 527 2864 buntur
581 2803 698 2879 ita,
760 2803 835 2863 ut
893 2819 934 2862 a
992 2803 1278 2863 veterum
1341 2797 1730 2862 testimoniis
1791 2797 2195 2881 incipiamus,
2284 2796 2447 2861 Tum
2512 2814 2667 2860 vero

287 2901 737 2984 explicabitur,
801 2901 1037 2984 quibus
1089 2900 1169 2964 de
1229 2901 1442 2964 causis
1501 2921 1723 2964 eorum
1782 2902 2121 2979 sententia,
2181 2899 2292 2982 qui
2345 2898 2665 2982 pluralem

283 3005 609 3088 poeticum
659 3025 694 3068 e
741 3004 954 3069 causis
1012 3023 1188 3067 mere
1244 3002 1627 3067 formalibus
1687 3004 1970 3086 positum
2032 3023 2174 3067 esse
2236 3007 2518 3080 censent,
2582 3001 2668 3066 sit

286 3107 736 3192 praeferenda.
842 3107 1092 3186 Quarta
1156 3106 1574 3188 paragrapho
1639 3104 2228 3170 demonstrabimus
2291 3103 2527 3188 quibus
2585 3104 2666 3169 de

287 3212 499 3276 causis
544 3217 774 3296 poetas
806 3212 943 3276 eius
974 3209 1148 3274 modi
1180 3208 1437 3273 dicendi
1469 3209 1784 3275 rationem
1817 3209 2231 3292 usurpavisse
2264 3227 2667 3289 censeamus3

284 3315 512 3399 quinta
572 3335 700 3398 quo
755 3315 898 3379 iure
942 3319 1176 3398 poetae
1219 3313 1416 3379 talem
1463 3335 1650 3379 usum
1697 3312 1821 3379 sibi
1874 3313 2254 3397 permittere
2304 3311 2667 3396 potuerint3

285 3424 470 3484 sexta
537 3419 949 3484 ostendemus
1011 3417 1318 3482 Maasii
1398 3417 1833 3483 definitionem
1914 3416 2327 3500 aliquatenus
2392 3413 2668 3499 amplifi-

286 3523 555 3587 candam
623 3543 793 3604 esse3
862 3521 1092 3586 ultimo
1150 3521 1427 3604 denique
1488 3521 1632 3586 loco
1690 3521 2031 3586 historiam
2096 3520 2369 3604 pluralis
2428 3518 2670 3603 poetici

279 3626 431 3691 inde
477 3626 561 3691 ab
606 3627 814 3690 Ennio
861 3647 1068 3709 usque
1115 3625 1197 3690 ad
1245 3624 1545 3689 Ovidium
1591 3625 1880 3690 breviter
1924 3622 2392 3689 enarrabimus,

453 3731 487 3813 ξ
540 3732 593 3793 1.
675 3731 769 3793 Ac
798 3729 1079 3812 primum
1113 3728 1373 3812 quidem
1405 3749 1618 3812 pauca
1657 3729 2069 3812 proferamus
2102 3726 2399 3810 exempla
2432 3725 2669 3809 quibus

283 3830 496 3897 elucet
552 3832 872 3916 pluralem
920 3838 986 3897 et
1030 3832 1423 3916 singularem
1483 3831 1769 3897 eiusdem
1815 3831 2109 3912 nominis,
2158 3829 2271 3896 ubi
2316 3830 2397 3894 de
2442 3829 2666 3896 eadem

288 3956 360 4000 re
405 3937 639 4020 agitur,
682 3936 1050 4018 promiscue
1092 3936 1387 4000 exhiberi
1433 3957 1474 4000 a
1517 3936 1731 4018 poetis
1776 3935 2133 4019 dactylicis,
2388 3941 2394 3950 '

452 4039 794 4105 Lucretius
839 4039 950 4104 ubi
999 4039 1077 4103 de
1123 4040 1462 4123 Iphigenia
1503 4040 1753 4104 Dianae
1812 4038 2159 4104 mactanda
2204 4038 2503 4120 quaestio
2549 4042 2667 4118 est,

275 4142 361 4206 ‘de
413 4164 530 4207 ara
590 4145 658 4207 in
705 4163 835 4225 qua
881 4142 1280 4208 Graecorum
1343 4143 1539 4208 duces
1594 4143 1721 4207 hoc
1778 4163 2034 4207 sacrum
2094 4141 2457 4205 instituturi
2502 4146 2669 4219 sunt,

277 4245 435 4312 dicit
488 4247 518 4310 I
555 4251 636 4312 89
683 4253 836 4310 ante
883 4247 1352 4330 arasvadstare
1394 4252 1732 4330 parentem
1773 4245 1984 4310 Sentit
2027 4247 2140 4329 (sc.
2186 4243 2449 4330 Iphig.);
2510 4243 2668 4308 item

281 4357 360 4416 95
398 4347 971 4433 ‘tremibundaque
1017 4351 1102 4414 ad
1148 4349 1718 4436 aragDeductast’
1766 4351 1883 4434 (sc.
1926 4348 2179 4432 Iphig.).
2270 4347 2394 4412 Sed
2441 4347 2667 4412 eodem

276 4475 468 4518 sensu
535 4454 724 4516 niodo
789 4453 1046 4517 dixerat
1101 4476 1155 4516 v.
1218 4459 1300 4517 84
1351 4452 1622 4518 ‘Triviai
1682 4453 1948 4536 virginis
2016 4473 2197 4516 aram
2262 4450 2669 4533 Iphianassai

1297 4828 1837 4956 854671
