3325 5359
1215 340 1648 400 ..25-

247 503 575 585 (videlicet
627 507 822 572 etiam
883 508 1211 573 contraria
1268 509 1437 572 ratio
1483 507 1701 592 valet).
1813 509 1884 574 In
1934 514 2341 592 pentametro
2402 516 2621 576 autem

113 644 119 648 ·
245 637 374 681 non
419 614 624 679 solum
669 613 917 696 primus
959 633 1076 696 pes
1121 633 1300 677 mero
1347 612 1603 697 dactylo
1665 615 2012 692 contineri,
2072 614 2185 679 sed
2232 615 2427 680 etiam
2475 620 2624 698 post

247 739 584 785 caesuram
650 717 690 781 i.
759 738 810 782 e.
878 723 1152 800 quartus
1221 723 1287 782 et
1361 717 1624 799 quintus
1692 738 1807 800 pes
1874 717 2276 802 dactylorum
2340 719 2621 801 speciem

247 823 588 889 ostendere
647 842 810 905 opus
857 826 981 886 est.
1089 821 1269 900 Quae
1317 842 1458 886 cum
1501 822 1598 886 ita
1642 822 1789 902 sint,
1852 842 1979 887 non
2026 829 2162 887 est
2172 824 2402 888 mirum
2448 822 2621 906 quod

245 927 450 992 multo
506 926 752 990 maiore
810 924 1215 1009 dactylorum
1273 946 1539 992 numero
1603 947 1765 1009 opus
1826 932 1966 991 erat
2012 926 2240 991 Ovidio
2300 932 2365 992 et
2408 931 2623 1010 poste-

245 1030 528 1096 rioribus
572 1029 783 1113 poetis
830 1049 1023 1110 quam
1068 1028 1414 1112 prioribus,
1461 1034 1534 1094 ut
1577 1029 1743 1094 haec
1783 1037 2138 1114 praecepta
2183 1029 2621 1095 observarent.

245 1136 348 1200 Ita
403 1134 647 1198 factum
711 1137 842 1212 est,
910 1137 985 1197 ut
1041 1132 1216 1215 apud
1260 1132 1556 1198 Ovidium
1601 1133 1714 1198 illa
1759 1155 2171 1199 numerorum
2227 1134 2625 1217 permutatio

247 1239 411 1304 adeo
456 1236 986 1314 increbresceret,
1031 1236 1142 1318 qui
1186 1237 1445 1319 poetica
1490 1257 1632 1301 cum
1680 1237 1806 1302 hac
1846 1237 2107 1302 licentia
2135 1237 2285 1321 plus
2330 1237 2625 1302 ducentis

245 1341 612 1407 nominibus
655 1361 812 1404 usus
857 1344 972 1403 est.

420 1443 669 1524 Quibus
729 1444 1038 1527 expositis
1097 1444 1256 1508 satis
1320 1443 1831 1509 demonstratum
1896 1466 2037 1510 esse
2096 1450 2254 1528 puto
2312 1466 2479 1528 quae
2540 1445 2626 1509 sit

247 1548 520 1633 pluralis
565 1547 805 1630 poetici
847 1547 1137 1611 historia.
1225 1547 1314 1611 Ut
1361 1548 1574 1612 omnia
1620 1547 1905 1613 breviter
1951 1548 2379 1613 conclusionis
2417 1549 2625 1612 instar

249 1651 888 1735 comprehendamuS,
919 1651 1043 1716 hoc
1074 1652 1378 1716 dicimus:
1407 1651 1681 1735 pluralis
1711 1653 1952 1736 poetici
1984 1675 2137 1718 usus
2170 1674 2295 1717 non
2328 1651 2625 1716 omnibus

248 1753 652 1838 temporibus
708 1755 879 1819 idem
942 1754 1085 1818 fuit.
1189 1755 1346 1823 Sed,
1373 1756 1620 1820 Ennius
1668 1756 1893 1820 Cicero
1953 1757 2293 1822 Lucretius
2336 1755 2626 1821 Catullus

247 1859 449 1925 multo
497 1859 821 1923 cautiores
870 1863 1060 1922 erant
1103 1858 1166 1922 in
1216 1859 1352 1922 eius
1399 1881 1522 1924 usu
1569 1881 1765 1942 quam
1810 1860 2203 1924 recentiores
2248 1859 2425 1924 velut
2466 1859 2626 1923 Ver-

247 1964 440 2046 gilius
497 1968 562 2027 et
607 1961 888 2026 Ovidius.
978 1962 1248 2026 Veteres
1307 1962 1401 2026 illi
1461 1970 1693 2046 poetae
1755 1965 1823 2027 in
1878 1984 2080 2046 parvo
2138 1967 2392 2027 tantum
2440 1981 2626 2026 voca-

247 2067 548 2132 bulorum
607 2085 876 2130 numero
933 2065 1103 2129 hanc
1159 2065 1486 2130 licentiam
1550 2067 1674 2130 sibi
1733 2067 2184 2150 permiserunt.
2290 2066 2477 2146 Quod
2531 2065 2627 2129 illi

248 2175 516 2254 propter
560 2169 1012 2263 necessitatem
1072 2167 1397 2250 fecerunt,
1456 2170 1524 2235 id
1569 2172 1964 2235 recentiores
2023 2169 2465 2235 commoditati
2512 2169 2627 2232 tri-

247 2275 548 2339 buerunt.
579 2310 666 2321 —
695 2272 938 2336 Poetae
984 2273 1255 2337 Romani
1307 2280 1372 2337 et
1418 2273 1585 2356 epici
1636 2281 1701 2346 et
1747 2274 2015 2357 elegiaci
2053 2293 2411 2356 permagna
2450 2271 2630 2354 digni

248 2381 400 2442 sunt
455 2376 680 2456 laude,
739 2376 912 2459 quod
973 2376 1238 2440 summis
1298 2375 1794 2442 difficultatibus
1858 2378 2182 2466 superatis
2245 2381 2313 2440 et
2376 2395 2629 2440 summa

249 2500 452 2564 opera
512 2485 580 2544 et
633 2479 860 2544 labore
919 2485 1299 2562 consumpto
1358 2480 1684 2545 interdum
1746 2501 1872 2545 non
1932 2481 2071 2544 sine
2123 2480 2319 2545 variis
2376 2478 2631 2543 artibus

253 2590 451 2667 atque
503 2583 666 2648 dolis
712 2583 1022 2648 adhibitis
1083 2588 1360 2648 metrum
1419 2584 1680 2667 linguae
1725 2585 1968 2648 latinae
2025 2584 2217 2667 plane
2261 2602 2629 2666 repugnans

253 2709 380 2752 non
428 2687 632 2752 solum
679 2686 938 2770 linguae
985 2707 1345 2768 congruens
1390 2686 1704 2768 fecerunt,
1761 2689 1858 2752 ita
1908 2693 1983 2752 ut
2026 2689 2279 2752 ratione
2325 2685 2631 2772 tollerent

252 2791 654 2875 dactylorum
714 2791 1018 2873 inopiam,
1080 2790 1194 2855 sed
1257 2792 1454 2856 etiam
1501 2791 1785 2856 mirabili
1841 2792 1956 2856 illa
2014 2791 2381 2856 constantia
2430 2794 2628 2873 atque

252 2894 738 2977 perseverantia
792 2893 876 2958 ad
919 2893 1117 2958 talem
1163 2894 1627 2977 perfectionem
1675 2894 2277 2978 absolutionemque
2320 2913 2630 2978 pervene-

255 3001 407 3061 runt
435 2997 500 3059 in
533 2996 926 3060 hexametris
970 2997 1473 3079 compingendiS,
1521 3003 1612 3075 ut,
1657 3017 1865 3080 paene
1896 2997 2189 3078 dixerim,
2234 2996 2633 3080 exemplaria

256 3099 512 3165 Graeca
553 3106 939 3183 superarent
981 3099 1110 3164 hac
1154 3105 1315 3164 arte.
1404 3099 1589 3179 Quod
1637 3100 1880 3164 Ennius
1922 3104 2199 3183 aperuit,
2253 3099 2322 3164 id
2365 3099 2631 3164 Ovidius

255 3203 338 3268 ad
369 3204 840 3287 praestantiam
885 3203 1193 3287 perduxit
1235 3204 1348 3283 ita,
1395 3209 1468 3268 ut
1498 3224 1748 3274 summo
1778 3204 1919 3268 iure
1950 3225 2206 3270 versum
2238 3203 2631 3288 dactylicum

256 3307 446 3391 quasi
490 3308 752 3374 civitate
797 3307 1093 3373 Romana
1136 3307 1444 3373 donatum
1493 3329 1634 3374 esse
1682 3309 1989 3373 dicamus.
