3325 5359
1118 376 1591 438 -101-

178 544 487 632 pluralem
533 546 965 630 usurpavisse,
1012 544 1167 629 quia
1198 544 1451 629 ‘gravis'
1490 545 1881 613 attributum
1927 546 1986 611 ei
2031 518 2158 612 non
2191 518 2556 616 suffecisset

179 651 258 717 ad
300 648 807 735 magnitudinem
864 650 1192 733 ingentem
1254 648 1708 716 denotandam.
1797 650 1939 729 Quo
1985 651 2177 716 modo
2221 651 2305 721 de
2358 651 2554 723 huius

181 756 427 839 generis
460 753 1003 839 explicationibus
1031 753 1449 819 iudicandum
1479 755 1585 835 sit,
1630 756 1762 821 iam
1793 776 1991 840 supra
2022 754 2319 821 diximus.
2409 754 2555 823 Hoc

178 862 312 925 loco
383 858 704 943 pluralem
764 862 1025 923 exstare
1068 858 1111 925 i.
1163 856 1234 925 V.
1281 880 1340 941 p.
1389 878 1595 942 eoque
1653 858 1946 924 brevium
2001 857 2394 943 syllabarum
2435 879 2556 924 nu·

178 984 417 1029 merum
440 962 726 1047 perbene
757 960 984 1046 augeri
1016 961 1178 1027 satis
1204 960 1416 1027 habeo
1444 961 1721 1044 dixisse3
1765 962 1937 1027 idem
1971 961 2314 1028 dicendum
2346 968 2447 1029 est
2470 962 2550 1032 de

178 1091 227 1135 v.
257 1072 376 1139 527
413 1065 577 1131 ‘auri
603 1066 895 1149 pondera
926 1064 1121 1146 facti',
1167 1066 1206 1130 i.
1226 1066 1378 1150 V.p.
1450 1066 1692 1131 Contra
1737 1066 1960 1132 eodem
2009 1088 2202 1132 sensu
2233 1072 2386 1132 ante
2415 1080 2552 1133 voc.

178 1172 330 1254 sing.
376 1172 484 1235 Ae.
531 1169 565 1233 I
623 1174 746 1237 359
806 1170 1080 1252 ‘argenti
1138 1170 1392 1253 pondus
1456 1175 1522 1235 et
1583 1170 1854 1249 aurum',
1908 1170 2064 1235 item
2119 1170 2175 1235 V
2219 1175 2343 1236 407
2390 1170 2430 1237 i.
2479 1165 2554 1238 V.

176 1297 232 1359 p.
280 1279 431 1339 ante
476 1293 645 1355 voc.;
693 1272 820 1338 abl.
871 1273 1029 1357 sing.
1080 1274 1339 1358 saepius
1386 1272 1562 1339 velut
1607 1272 1722 1341 ecl.
1755 1273 1844 1337 IV
1878 1278 1959 1339 50
2003 1274 2043 1337 i.
2080 1274 2151 1342 V.
2183 1296 2277 1358 p.;
2325 1274 2552 1340 eodem

177 1399 397 1443 versus
442 1376 587 1442 loco
630 1396 727 1460 ge.
772 1376 805 1440 I
855 1381 992 1443 164.
1037 1377 1102 1441 II
1148 1381 1290 1443 254.
1345 1383 1486 1445 351.
1552 1376 1648 1443 ΠΙ
1699 1382 1815 1443 172
1863 1377 1903 1445 i.
1933 1377 2005 1443 V.
2035 1400 2096 1462 p.
2146 1383 2271 1444 524
2313 1377 2356 1445 i.
2384 1379 2454 1446 V.
2489 1401 2552 1463 p.

176 1484 282 1547 Ae.
326 1481 424 1547 III
469 1487 551 1547 49
598 1481 763 1546 ‘auri
794 1534 807 1549 .
836 1534 849 1547 .
876 1534 889 1548 .
922 1480 1209 1565 pondere
1250 1482 1521 1564 magno’.
1598 1481 1653 1545 V
1698 1486 1838 1548 153.
1891 1487 2034 1549 401.
2083 1487 2227 1547 447.
2280 1483 2365 1547 VI
2406 1488 2552 1551 413.

175 1587 263 1651 IX
296 1590 421 1652 512
456 1592 633 1650 ‘saxa
660 1637 672 1652 .
702 1635 715 1649 .
741 1638 753 1653 .
780 1584 1057 1651 infeste.
1091 1634 1103 1647 .
1132 1639 1144 1652 .
1170 1584 1497 1669 pondere’.
1547 1589 1692 1650 752.
1760 1586 1818 1650 X
1852 1590 1996 1651 381.
2041 1584 2168 1651 XII
2200 1591 2320 1651 727
2354 1586 2395 1654 i.
2418 1588 2466 1654 I.
2489 1609 2552 1671 p.

175 1690 295 1754 XII
343 1694 487 1757 255.
554 1687 847 1753 Tibullus
878 1708 1005 1753 non
1037 1688 1160 1753 nisi
1192 1688 1506 1768 singulari
1536 1690 1771 1754 utitur:
1817 1689 2070 1774 pondus
2101 1688 2300 1774 Lygd.
2325 1689 2422 1754 III
2458 1695 2552 1755 ll.

176 1793 313 1858 Abl.
372 1794 532 1876 sing.
576 1791 610 1856 I
655 1798 713 1871 9,
738 1796 817 1857 32
865 1792 1029 1857 ‘auri
1075 1792 1405 1871 Pondere',
1448 1794 1487 1857 i.
1527 1794 1575 1860 Ι.
1609 1816 1672 1877 p.
1723 1798 1790 1857 et
1832 1792 1881 1856 P
1925 1798 2001 1857 41
2039 1792 2080 1857 i.
2115 1792 2188 1859 V.
2226 1815 2288 1876 p.
2360 1793 2553 1878 Apud

176 1896 471 1963 Ovidium
503 1895 849 1979 singularis
873 1917 1029 1961 usus
1064 1903 1332 1980 superat
1358 1896 1697 1980 pluralem.
1743 1918 1866 1981 pps
1897 1896 2104 1963 am.II
2132 1901 2227 1977 14,
2251 1902 2333 1962 14
2355 1898 2556 1963 ‘iusta

174 2006 541 2067 recusasset
594 1997 888 2083 pondera
944 1997 1115 2065 ferre
1162 1998 1425 2081 Thetis’,
1486 1999 1620 2067 scil.
1675 2000 1994 2066 Achillem
2050 2001 2118 2065 in
2164 2007 2388 2067 ventre
2436 2022 2554 2067 suo

173 2111 471 2189 portare3
526 2103 641 2169 cfr.
688 2103 873 2187 epist.
913 2104 1027 2167 XV
1074 2109 1157 2169 44
1220 2104 1333 2169 ubi
1394 2104 1618 2169 eodem
1682 2126 1875 2170 sensu
1936 2109 2152 2169 exstat
2208 2104 2334 2169 abl.
2394 2105 2554 2189 sing.

177 2214 322 2293 post
367 2213 543 2292 pent.
579 2228 747 2273 caes.
782 2207 1107 2291 ‘gravidus
1149 2208 1319 2273 iusto
1359 2208 1646 2292 pondere
1683 2214 1907 2275 venter
1952 2207 2134 2275 erat’.
2220 2208 2286 2273 Π
2337 2214 2432 2287 14,
2472 2214 2554 2273 42

175 2313 319 2378 ‘sint
394 2310 714 2375 ominibus
775 2309 1071 2395 pondera
1135 2311 1315 2376 nulla
1380 2308 1589 2393 meis'3
1660 2333 1805 2377 cum
1869 2311 1994 2376 hoc
2048 2311 2192 2377 loco
2259 2311 2556 2398 conferas

176 2436 418 2499 quaeso
462 2413 557 2484 Ib.
592 2420 675 2481 70
711 2415 921 2479 ‘sinite
960 2415 1202 2499 optatis
1231 2415 1485 2499 pondus
1529 2416 1741 2483 inesse
1774 2416 1970 2495 meis’,
2016 2415 2176 2500 sing.
2213 2420 2366 2480 ante
2397 2436 2555 2496 voc„

178 2519 402 2585 eodem
436 2518 573 2583 fere
605 2539 813 2587 sensu.
889 2518 985 2582 ΠΙ
1016 2524 1073 2598 8,
1108 2523 1185 2583 37
1221 2525 1515 2603 ‘cumque
1548 2540 1708 2585 auro
1754 2519 2046 2604 pondera
2082 2516 2278 2587 ferri'.
2349 2518 2554 2603 Epist:

174 2624 263 2687 III
319 2630 360 2690 4
428 2621 757 2687 ‘lacrimae
822 2623 1115 2705 pondera
1146 2615 1153 2623 ’
1182 2624 1357 2689 vocis
1422 2623 1704 2691 habent’.
1795 2624 1889 2688 XI
1950 2625 2027 2689 37
2090 2622 2560 2688 ‘tumescebant

173 2727 387 2793 vitiati
454 2726 746 2810 pondera
810 2726 1093 2806 ventris',
1163 2726 1243 2792 de
1307 2726 1564 2793 Canaca
1632 2727 1919 2812 gravida.
2021 2726 2172 2794 Met.
2228 2726 2286 2791 V
2330 2731 2404 2792 81
2477 2725 2557 2790 de

174 2838 431 2897 cratere
462 2829 787 2914 ‘pondera'
834 2830 875 2897 i.
910 2830 985 2894 V.
1012 2852 1075 2913 p.
1146 2834 1271 2896 354
1304 2831 1612 2916 ‘pondera
1643 2830 1902 2897 terrae'.
1973 2830 2066 2894 IX
2112 2834 2238 2896 438
2271 2834 2559 2923 ‘propter

172 2955 404 2999 amara
449 2939 751 2998 senectae
795 2933 1131 3000 Pondera'.
1202 2934 1262 2999 X
1296 2939 1417 3001 677
1452 2934 1680 2999 ‘adieci
1723 2934 1980 2999 sublato
2024 2934 2316 3018 pondera
2349 2932 2557 3012 malo',

173 3038 291 3107 cfr.
313 3042 445 3104 678
492 3036 719 3103 eodem
764 3058 961 3101 sensu
993 3036 1227 3104 ‘oneris
1261 3092 1274 3105 .
1303 3090 1316 3106 .
1347 3091 1361 3105 .
1394 3037 1756 3121 gravitate'.
1827 3037 1983 3102 XIII
2018 3043 2138 3104 108
2188 3037 2268 3103 de
2295 3037 2559 3111 Achillis

174 3142 429 3209 casside
485 3146 728 3207 ‘vertex
785 3140 1084 3206 Pondera
1142 3147 1329 3206 tanta
1390 3141 1594 3222 feret',
1649 3142 1690 3209 i.
1735 3142 1784 3210 I.
1833 3165 1893 3226 p.
1988 3146 2110 3207 286
2171 3141 2449 3211 ‘valeant
2492 3141 2558 3215 in

176 3246 333 3312 talia
389 3244 685 3331 pondera
724 3245 931 3325 vires',
987 3244 1066 3309 de
1110 3245 1381 3310 Achillis
1427 3246 1642 3314 armis.
1735 3246 1853 3311 XV
1906 3252 1933 3311 1
1987 3251 2228 3310 ‘tantae
2268 3244 2559 3329 pondera

176 3351 399 3418 molis’.
489 3348 583 3417 Ib.
643 3354 765 3415 249
835 3348 1145 3433 ‘pondera
1212 3350 1467 3417 rerum'.
1557 3350 1657 3415 Ex
1703 3350 1886 3417 Pont.
1933 3349 1998 3413 11
2056 3356 2112 3429 5,
2177 3353 2258 3414 30
2326 3347 2559 3433 ‘coepti

174 3454 470 3538 pondera
498 3451 671 3518 ferre
714 3452 878 3532 mei',
925 3452 1005 3517 de
1050 3454 1295 3518 maiore
1341 3454 1625 3518 carmine
1669 3453 1835 3518 haec
1882 3452 2082 3517 verba
2125 3451 2559 3535 intellegenda

175 3564 340 3637 sunt,
389 3556 565 3641 quod
611 3562 808 3640 poeta
852 3556 938 3621 ad
968 3557 1243 3640 Augusti
1288 3556 1689 3640 triumphum
1737 3556 2195 3621 celebrandum
2243 3557 2558 3640 composi-

174 3669 359 3727 turus
402 3665 588 3727 ·erat.
678 3659 775 3724 III
823 3667 878 3739 1,
943 3666 1063 3727 158
1130 3660 1457 3725 ‘lacrimae
1510 3659 1803 3744 pondera
1847 3662 2022 3725 vocis
2082 3659 2380 3741 habent’3
2444 3659 2557 3749 cfr.

173 3787 371 3850 supra
420 3785 544 3831 am.
576 3763 673 3828 III
700 3769 855 3844 8,37
890 3770 957 3828 et
986 3764 1133 3831 fast.
1174 3764 1207 3828 I
1242 3769 1360 3829 182
1412 3764 1738 3847 ‘dictaque
1778 3763 2032 3848 pondus
2068 3762 2356 3828 habent’.
2417 3764 2556 3828 Am.

171 3869 265 3933 III
309 3876 373 3949 4,
408 3873 489 3935 86
540 3874 691 3933 ‘tam
737 3872 923 3933 vasta
968 3868 1281 3952 triumphi
1312 3867 1647 3934 Pondera'.
1697 3868 1796 3931 Ex
1824 3868 2006 3933 Pont.
2038 3867 2212 3946 1119,
2235 3873 2316 3933 50
2357 3865 2562 3931 ‘musa

172 3994 317 4037 mea
350 4026 363 4040 .
392 4024 406 4039 .
432 4026 446 4039 .
479 3972 839 4055 incorrupti
884 3971 1174 4055 pondera
1217 3972 1404 4036 testis
1434 3971 1673 4039 habet'.
1729 3971 1779 4036 F
1785 3976 1904 4037 ast.
1934 3970 1968 4034 I
1997 3975 2079 4037 82
2125 3974 2209 4034 ‘et
2252 3991 2420 4034 nova
2458 4023 2556 4049 ...

173 4076 474 4160 pondera
534 4076 731 4141 sentit
792 4075 991 4141 ebur'.
1106 4080 1229 4140 534
1288 4075 1595 4159 ‘pondera
1665 4074 1932 4140 caelesti
1993 4078 2206 4139 mente
2284 4078 2562 4158 paterna

172 4178 378 4245 feret’.
471 4178 536 4242 II
596 4184 721 4245 490
781 4178 965 4243 ‘caeli
1018 4178 1313 4263 pondera
1369 4179 1570 4243 movit
1612 4178 1838 4259 Atlas’,
1901 4176 2016 4242 cfr.
2076 4172 2225 4242 met.
2279 4177 2374 4241 IX
2435 4174 2559 4244 273

175 4285 397 4349 ‘sensit
427 4282 612 4347 Atlas
648 4278 941 4366 pondus',
988 4288 1139 4346 ante
1172 4303 1344 4349 cons,
1424 4282 1729 4349 Fortasse
1773 4280 2036 4365 proprie
2069 4280 2127 4347 V
2157 4285 2239 4347 42
2272 4280 2562 4357 ‘fulmina

301 4385 599 4472 pondera
656 4384 878 4451 vasta'.
969 4385 1111 4450 Abl.
1172 4386 1339 4469 plur.
1386 4407 1542 4450 rem.
1589 4391 1671 4451 86
1739 4384 2154 4469 ‘ponderibus
2208 4385 2398 4449 iustis
2457 4384 2562 4450 fac

177 4490 260 4555 sit
327 4495 682 4571 utrumque
750 4488 989 4555 triens'.
1080 4487 1233 4553 Met.
1297 4488 1331 4554 I
1394 4492 1468 4555 13
1536 4487 1784 4575 (tellus)
1845 4486 2256 4573 ‘ponderibus
2318 4486 2564 4555 librata
