3325 5359
1163 405 1247 419 -
1346 366 1467 437 145
1527 362 1642 419 ’--

219 542 477 627 proprio
524 562 719 629 sensu
762 532 1189 628 intellegitur.
1256 531 1809 627 Poetae-'elegiaci
1854 533 1980 608 hoc
2028 526 2258 609 nomen
2303 526 2370 608 in
2399 527 2592 610 u'sum‘

211 668 330 712 non
376 653 629 728 vocant,
673 646 942 714 Ovidius
988 647 1409 731 singulariter
1452 651 1728 713 tantum.

377 787 615 871 oral).
716 786 913 853 Cuius
974 786 1151 855 vocis
1207 786 1373 871 plur.
1434 787 1761 872 poeticum
1818 784 2076 851 induxit
2129 785 2588 871 Vergilius.

210 889 411 955 Sensu
472 889 799 975 plurativo
859 890 1186 957 invenitur
1241 891 1417 975 apud
1471 890 1752 957 Ennium
1809 891 1882 954 A.
1938 894 2054 956 561
2122 894 2260 956 ‘ora
2315 890 2590 970 decem’3

211 1014 336 1059 var.
400 997 479 1058 17
542 1001 679 1059 ‘ora
738 993 985 1060 virum'.
1088 993 1269 1060 Idem
1331 1015 1488 1060 usus
1556 994 1784 1059 obvius
1857 999 1956 1059 est
2022 993 2198 1077 apud
2257 992 2478 1059 Plaut..
2526 999 2594 1058 et

208 1096 459 1164 Lucret.
520 1103 587 1164 et
650 1097 972 1175 Catullum
1037 1103 1141 1178 40,
1188 1106 1224 1163 5
1273 1096 1424 1164 '‘ora
1482 1096 1691 1181 volgi’.
1781 1096 1908 1163 Sed
1967 1095 2036 1162 in
2093 1095 2624 1175 admirationem·

208 1205 494 1267 nostram
557 1201 735 1267 cadit
794 1203 970 1285 quod
1030 1222 1241 1286 neque
1296 1207 1533 1287 poetae
1592 1200 1690 1266 illi
1748 1222 1959 1284 neque
2015 1201 2366 1285 scriptores
2413 1201 2592 1285 (ante

210 1304 548 1387 Apuleium
584 1303 874 1390 quidem)
918 1306 1045 1371 hoc
1087 1304 1405 1371 vocabulo
1450 1304 1796 1393 pluraliter
1841 1304 1966 1369 nisi
2011 1304 2079 1370 in
2125 1325 2294 1370 nom.
2347 1310 2414 1369 et
2457 1324 2590 1391 acc.

208 1407 513 1475 exhibent
560 1414 626 1491 et
675 1408 863 1493 quasi
923 1408 1353 1474 reformidant
1410 1429 1451 1473 a
1495 1407 1771 1493 pluralis
1831 1408 2126 1491 genetivo
2172 1413 2237 1474 et
2285 1406 2614 1488 ablativo„

209 1512 402 1577 etiam
446 1517 586 1577 tum
633 1530 778 1578 cum
822 1512 970 1579 illos
1014 1513 1325 1598 plurativi
1366 1512 1621 1579 numeri
1664 1532 1855 1577 casus
1889 1511 2314 1597 postulamus,
2383 1512 2592 1593 Quam

202 1637 337 1682 rem
380 1616 607 1700 paucis
654 1616 982 1701 exemplis,
1038 1636 1312 1700 quorum
1362 1615 1724 1701 compluria
1770 1613 2043 1681 collecta
2086 1614 2370 1681 invenies
2415 1615 2592 1701 apud
2667 1606 2672 1609 ’

202 1719 477 1786 Neuium
536 1719 595 1805 (1
641 1719 795 1803 750)
855 1719 1217 1785 fulciamus.
1330 1718 1459 1785 Cic.
1522 1740 1643 1804 pro
1703 1718 1891 1784 Rosc.
1957 1721 2167 1801 Amer.
2216 1718 2305 1784 VI
2370 1723 2448 1784 16
2505 1718 2589 1783 ‘in

208 1844 317 1889 ore
362 1824 649 1889 omnium
694 1823 1119 1904 versabatm’,
1189 1844 1309 1908 pro
1355 1823 1542 1889 Scau.
1589 1824 1649 1888 H
1701 1829 1784 1889 50
1829 1824 1914 1888 ‘in
1959 1822 2242 1889 omnium
2287 1822 2590 1888 animis

204 1932 400 2011 atque
461 1947 604 1993 ore
662 1927 982 1993 versaris’.
1071 1926 1247 1992 Lael.
1293 1927 1325 1991 I
1370 1932 1406 1991 2
1462 1926 1704 1992 ‘multis
1763 1932 1908 1992 erat
1965 1926 2032 1992 in
2085 1926 2234 1992 ore'.
2323 1925 2457 1991 Liv.
2502 1925 2591 1990 VI

2520 2000 2593 2017 ,μα

209 2036 305 2111 17,
351 2035 387 2096 2
444 2030 548 2096 ‘ab
607 2050 719 2096 ore
782 2030 1055 2096 civium'.
1146 2031 1296 2096 Tac.
1343 2029 1494 2095 dial.
1543 2035 1623 2095 37
1687 2030 1772 2096 ‘in
1813 2050 1924 2096 ore
1985 2029 2354 2096 hominum’.
2443 2050 2591 2115 pps

203 2134 637 2218 Vergilius
700 2154 797 2217 ge.
856 2134 952 2200 111
1014 2139 1137 2199 188
1184 2135 1384 2199 ‘.det
1454 2184 1468 2199 .
1517 2154 1635 2199 ora
1689 2134 1992 2199 canistris
2037 2131 2412 2200 Invalidus’.
2502 2133 2590 2198 IV

206 2242 330 2303 452
376 2236 653 2304 Proteus
715 2236 890 2304 ‘fatis
948 2258 1066 2304 ora
1125 2236 1430 2305 resolvit'.
1520 2239 1632 2303 Ae.
1679 2236 1741 2301 11
1789 2242 1910 2303 663
1955 2235 2244 2323 Pyrrhus
2305 2242 2594 2320 ‘gnatum
2691 2314 2694 2319 ,

206 2346 356 2406 ante
388 2362 505 2406 ora
534 2341 761 2425 patris’
794 2322 1143 2407 interfecit.
1214 2341 1246 2406 1
1277 2346 1402 2407 354
1435 2341 1515 2406 de
1543 2340 1882 2425 Sychaeo‘
1887 2342 2005 2405 ora
2044 2340 2252 2405 modis
2285 2338 2590 2406 attollens
2668 2334 2696 2345 ”

204 2443 453 2529 pallida
516 2445 735 2511 miris’.
824 2444 855 2509 1
902 2449 1026 2510 658
1074 2444 1328 2510 ‘faciem
1372 2450 1662 2510 mutatus
1711 2451 1778 2510 et
1830 2465 1947 2510 ora
1990 2443 2274 2528 Cupido’.
2363 2444 2427 2509 ΙΙ
2467 2448 2589 2509 247
2693 2524 2695 2531 Ι

206 2548 440 2631 ‘aperit
499 2547 866 2614 Cassandra
928 2548 1165 2615 futuris
1222 2549 1355 2614 Ora
1402 2598 1415 2612 .
1461 2601 1476 2617 .
1513 2602 1527 2616 .
1578 2547 1865 2630 credita),
1931 2549 1970 2613 i.
2015 2548 2092 2613 V.
2147 2570 2210 2632 p.
2311 2546 2406 2612 111
2464 2544 2623 2613 425*

206 2650 507 2736 ‘Scyllam
664 2653 798 2718 Ora
864 2652 1305 2718 exertantem’.
1395 2652 1491 2717 De
1545 2651 1860 2737 Apollinis
1919 2650 2258 2717 sacerdote
2312 2651 2407 2716 III
2467 2656 2590 2716 457
2692 2724 2701 2729 .,

205 2761 343 2820 ‘ora
372 2756 673 2822 resolvit’.
746 2756 844 2821 111
886 2762 1013 2822 490
1044 2756 1383 2842 Astyanax
1431 2756 1561 2821 ‘sic'
1587 2777 1704 2821 ora
1749 2754 2042 2823 ferebat’.
2129 2755 2219 2821 IV
2251 2760 2373 2821 673
2407 2757 2594 2820 Anna

206 2859 549 2943 ‘unguibus
596 2880 711 2925 ora
750 2910 801 2923 ..
830 2910 844 2923 .
879 2858 1187 2925 foedans’.
1278 2866 1402 2926 499
1444 2859 1685 2925 Didoni
1729 2859 1959 2944 ‘pallor
1990 2913 2037 2928 ..
2067 2909 2081 2923 .
2115 2864 2411 2944 occupat.
2437 2858 2591 2923 ora’.

204 2962 260 3027 V
309 2967 433 3029 369
496 2962 703 3027 ‘effert
757 2962 889 3028 Ora
947 2963 1191 3028 Dares’.
1266 2969 1390 3028 477
1456 2970 1592 3029 ‘ora
1651 2963 1943 3029 iuvenci’.
2023 2963 2113 3027 VI
2169 2962 2289 3028 102
2352 2962 2432 3026 de
2495 2962 2592 3035 Si·
2693 3027 2697 3035 ,

203 3066 381 3151 bylla
442 3065 709 3133 ‘rabida
768 3086 884 3131 ora
960 3066 1318 3149 quierunt’.
1430 3072 1550 3133 108
1611 3066 1693 3131 de
1763 3066 2046 3131 Anchisa
2122 3065 2462 3149 ‘genitoris
2528 3059 2595 3129 et

179 3169 366 3234 'ora’.
461 3176 577 3237 191
629 3170 934 3235 ‘lacerum
984 3169 1337 3235 crudeliter
1382 3190 1499 3235 ora
1536 3170 1669 3236 Ora
1710 3190 2066 3257 manusque
2113 3168 2380 3237 ambas’·
2451 3171 2623 3265 5⁰4-
2697 3192 2704 3263 Ᾰ

206 3271 485 3337 Tantalo
544 3274 925 3363 ‘epulaeque
984 3279 1137 3339 ante
1198 3294 1316 3339 ora
1372 3274 1686 3360 paratae’.
1763 3275 1918 3340 688
1959 3271 2060 3355 ,de
2105 3276 2326 3337 Aenea
2382 3270 2596 3337 ‘datur

207 3396 327 3441 ora
394 3378 595 3443 tueri
636 3383 793 3444 nate
858 3376 1010 3449 tua'.
1131 3376 1255 3443 VII
1322 3382 1449 3443 250
1514 3362 1786 3446 Latinus
1849 3377 2111 3458 ‘obtutu
2185 3381 2366 3441 tenet
2431 3374 2593 3440 ora'.
2651 3374 2702 3467 ’κ

208 3486 333 3546 575
398 3479 789 3565 ‘foedatique
866 3503 983 3546 ora
1048 3480 1349 3547 Galaesi’.
1469 3482 1621 3546 VIII
1695 3485 1817 3546 229
1881 3480 2197 3545 Hercules
2266 3480 2412 3544 “huc
2479 3500 2596 3544 ora
2697 3568 2703 3574 .

209 3582 472 3649 ferebat
520 3591 585 3650 et
627 3584 818 3650 illuc’.
856 3590 865 3597 '
922 3586 1016 3650 IX
1087 3590 1201 3652 181
1257 3584 1581 3670 Euryalus
1629 3588 1767 3651 ‘o'ra
1805 3606 1967 3670 puer
2011 3584 2292 3672 primum
2335 3585 2659 3667 signans'''

204 3688 468 3754 intonsa
529 3689 839 3773 iuventa'.
942 3694 1062 3754 251
1128 3696 1265 3754 ‘ora
1325 3689 1620 3773 rigebat’‚
1684 3711 1770 3754 sc.
1817 3689 2055 3755 Aletes.
2107 3766 2112 3769 ¹
2168 3687 2230 3752 X
2274 3689 2399 3753 415
2461 3693 2598 3751 ‘ora
2701 3770 2706 3777 κ

206 3790 560 3857 Thoantis’.
638 3798 675 3857 7
682 3792 893 3859 28‘de
937 3793 1123 3858 leone
1170 3793 1348 3858 ‘lavit
1390 3792 1691 3878 improba
1735 3798 1952 3880 taetra
1983 3778 2115 3857 Ora
2160 3790 2389 3885 cruor'.
2474 3794 2597 3855 790
2693 3844 2695 3846 .

206 3894 672 3985 ‘lacrimaeque
694 3918 813 3981 per
836 3918 953 3962 ora
976 3894 1274 3977 volutae',
1292 3918 1378 3963 sc.
1396 3896 1622 3978 Lausi3
1655 3896 1735 3962 de
1761 3895 1986 3962 eodem
2013 3894 2598 3973 82ll822‘morien-
2685 3894 2693 3899 ”

204 4000 293 4064 tis
326 4005 392 4079 et
437 4021 571 4085 ora,
619 4001 751 4066 Ora
793 4001 1001 4083 modis
1046 4051 1096 4065 ..
1145 4000 1459 4086 pallentia
1505 4000 1724 4067 miris’.
1771 4000 1863 4073 XI
1897 4004 1975 4065 39
2024 3996 2244 4085 ‘caput
2281 3998 2597 4065 Pallantis

206 4109 275 4167 et
321 4100 476 4167 ora'.
552 4108 675 4183 698
722 4105 915 4197 ‘rigat
958 4126 1075 4187 ora
1122 4104 1428 4185 cerebro',
1476 4126 1561 4171 sc.
1611 4104 1950 4170 Orsilochi.
2039 4103 2165 4171 ’819
2214 4104 2294 4169 de
2326 4101 2598 4169 Camilla

206 4206 410 4271 ‘color
478 4210 603 4271 ora'
662 4208 963 4291 reliquit’.
1076 4208 1197 4273 XII
1262 4215 1342 4274 66
1412 4208 1495 4273 de
1552 4209 1824 4273 Lavinia
1889 4208 2109 4273 ‘rubor
2155 4257 2209 4271 ..
2235 4256 2248 4271 .
2304 4228 2422 4290 per
2481 4227 2600 4272 ora

387 4432 439 4499 1)
475 4431 634 4487 Neue
672 4430 707 4486 1
749 4432 992 4503 7491750.
1068 4433 1256 4504 Spitta
1306 4418 1880 4531 20]21.ΑΡΡΘ125.
1967 4432 2256 4502 Landgraf
2287 4434 2370 4487 69.
2439 4431 2598 4485 Maas
2683 4510 2690 4519 δ

206 4520 327 4573 530.
368 4522 451 4572 40.
494 4522 576 4572 41.
651 4518 904 4574 Bednara
938 4522 1054 4574 560.
2635 4520 2641 4525 ’

2113 4609 2178 4661 10
