3325 5359
1711 344 2185 405 -126-

759 510 1122 579 ‘Laurentis
1166 517 1341 577 tecta
1399 513 1659 599 tyranni
1709 512 1899 579 Celsa
1941 514 2234 597 petit...
2270 512 2526 579 obsedit
2583 511 2779 578 limen
2828 513 3103 579 Amatae'.

758 622 883 681 413
930 616 1301 701 ‘tectisvhic
1344 616 1599 683 Turnus
1644 618 1712 682 in
1759 616 1947 696 altis’‚
1992 637 2219 683 versus
2267 638 2543 701 sequens
2577 638 2618 681 a
2651 617 2860 682 vocali
2891 619 3105 701 incipit.

759 726 885 786 460
930 726 1132 785 ‘arma
1162 726 1307 788 toro
1339 721 1661 805 tectisque
1694 721 2008 806 requirit‘,
2055 720 2330 805 pluralis
2375 721 2460 785 ad
2507 737 2548 787 o
2595 720 2860 787 litterae
2901 722 3109 805 repeti-

758 825 995 890 tionem
1058 824 1443 889 evitandam.
1535 829 1661 891 500
1707 826 1986 890 ‘saucius
2027 874 2042 889 .
2077 875 2090 890 .
2121 876 2136 890 .
2182 831 2339 891 nota
2393 825 2569 890 intra
2627 830 2807 889 tecta
2864 820 3109 908 refugit’.

758 928 999 994 Eodem
1060 950 1252 994 sensu
1308 932 1428 994 502
1478 932 1740 994 ‘tectum
1807 950 1994 995 omne
2049 928 2384 1014 replebat‘.
2455 934 2577 993 512
2626 928 2855 995 ‘ardua
2902 932 3112 993 tecta

758 1032 924 1116 petit
967 1030 1341 1097 stabuli’.
1390 1037 1513 1098 585
1560 1032 1962 1098 ‘circumstat
2009 1038 2186 1098 tecta
2232 1032 2488 1097 Latini’.
2535 1036 2659 1098 638
2706 1032 2833 1097 ‘hic
2887 1032 3111 1116 galeam

757 1136 949 1200 tectis
1007 1136 1300 1220 trepidus
1358 1135 1571 1220 rapit’.
1636 1139 1760 1201 668
1807 1135 2018 1221 ‘regia
2061 1141 2240 1202 tecta
2284 1134 2596 1201 subibat'.
2663 1136 2818 1201 VIII
2866 1141 2981 1201 359
3025 1134 3113 1199 ‘ad

756 1244 934 1304 tecta
982 1238 1299 1305 subibant
1354 1238 1675 1323 Pauperis
1736 1239 2027 1306 Euandri
2043 1241 2077 1306 ’.
2157 1246 2282 1306 584
2336 1239 2581 1305 ‘famuli
2641 1238 3011 1323 conlapsum
3058 1240 3114 1302 in

757 1347 937 1407 tecta
980 1342 1324 1407 ferebant’.
1400 1343 1491 1409 IX
1538 1349 1661 1409 502
1697 1344 1998 1428 (matrem
2029 1344 2324 1430 Euryali)
2369 1342 2512 1409 ‘sub
2555 1348 2738 1409 tecta
2779 1342 3114 1427 reponunt’.

762 1450 887 1511 558
948 1446 1239 1536 ‘altaque
1293 1451 1505 1511 certat
1558 1446 1891 1512 Prendere
1944 1452 2126 1512 tecta
2183 1447 2428 1526 manu’,
2503 1467 2590 1513 sc.
2651 1447 2823 1511 muri
2877 1452 3114 1523 tectum,

757 1548 1109 1613 vernacule
1145 1548 1286 1614 ‘die
1324 1548 1523 1615 Zinne
1578 1549 1695 1615 der
1743 1550 2018 1615 Maner’.
2109 1551 2396 1635 Heynius
2442 1550 2673 1615 ‘tecta’
2720 1551 2941 1633 posita
2993 1569 3115 1614 esse

756 1672 879 1737 pro
938 1651 1091 1717 valli
1148 1653 1483 1736 superiore
1537 1658 1746 1737 parte.
1838 1654 1897 1719 X
1946 1661 1981 1721 5
2031 1654 2395 1720 ‘considunt
2439 1656 2555 1737 (sc.
2601 1653 2734 1736 dei)
2794 1654 2981 1719 tectis
3032 1652 3114 1717 bi·
3232 1642 3233 1701 ἒ

755 1756 1181 1839 patentibus',
1226 1756 1341 1821 ubi
1388 1755 1647 1821 ‘domus
1695 1758 2155 1841 omnipotentis
2205 1758 2487 1843 Olympi’
2527 1756 2962 1841 intellegenda
3016 1761 3116 1833 est,
3232 1826 3233 1839 ἶ

758 1860 873 1927 cfr.
921 1882 976 1923 v.
1028 1867 1054 1925 1
1110 1866 1177 1924 et
1226 1864 1366 1925 101.
1442 1860 1772 1926 Pluralem
1817 1861 1980 1945 legis
2029 1867 2152 1927 758
2201 1862 2388 1927 ‘Iovis
2430 1862 2496 1925 in
2542 1860 2754 1925 tectis’
2803 1866 2952 1924 ante
2996 1878 3114 1923 voc.
3232 1858 3233 1933 ῗ

760 1963 851 2027 XI
898 1968 1019 2028 237
1067 1968 1411 2047 ‘ruuntque
1458 1963 1542 2027 ad
1590 1965 1772 2047 regia
1813 1965 2022 2049 plenis
2064 1964 2267 2029 Tecta
2308 1964 2464 2044 viis’,
2511 1985 2596 2029 sc.
2643 1964 2878 2029 Latini.
2945 1963 3114 2028 Item·

759 2088 885 2150 que
929 2072 1051 2132 447
1099 2072 1235 2151 ‘per
1280 2067 1461 2150 regia
1506 2067 1722 2146 tecta’,
1761 2068 1801 2135 i.
1851 2068 1921 2132 V.
1969 2091 2050 2152 p.‚
2121 2075 2186 2133 et
2241 2072 2366 2133 462
2423 2068 2634 2133 ‘tectis
2694 2068 2862 2131 citus
2908 2064 3118 2131 extulit
3232 2068 3233 2073 ’

762 2169 955 2235 altis’.
1047 2169 1173 2235 XII
1229 2175 1304 2235 81
1374 2170 1798 2257 ‘rapidusque
1855 2172 1920 2236 in
1975 2176 2154 2237 tecta
2207 2170 2522 2237 recessit’.
2614 2170 2740 2237 Cir.
2791 2177 2864 2235 51
2924 2167 3118 2253 Scylla
3232 2234 3233 2249 χ

766 2274 1103 2361 ‘caeruleis
1164 2294 1283 2339 sua
1341 2279 1518 2339 tecta
1579 2296 1776 2359 super
1822 2276 2192 2341 volitaverit
2234 2275 2393 2341 alis'.
2483 2273 2879 2339 Tibullus
2941 2293 3114 2337 sensu

758 2376 1077 2442 translato
1123 2376 1203 2441 de
1248 2377 1503 2445 arboris
1549 2378 1782 2443 umbra
1823 2378 1851 2443 I
1897 2385 1956 2459 4,
1994 2384 2021 2443 1
2075 2379 2188 2443 ‘sic
2232 2377 2540 2443 umbrosa
2585 2376 2707 2443 tibi
2755 2376 3118 2459 contingant

758 2486 953 2557 tecta,
1007 2480 1279 2564 Priape’.
1371 2480 1419 2544 P
1471 2486 1546 2546 13
1594 2481 1855 2547 Alcides
1910 2481 2104 2547 ‘laeta
2147 2481 2536 2547 Molorcheis
2595 2482 2815 2566 posuit
2866 2478 3121 2561 vestigia

759 2583 986 2651 tectis’.
1076 2583 1425 2649 Ovidius
1470 2606 1591 2653 am.
1636 2585 1668 2651 Ι
1715 2591 1772 2665 6,
1807 2591 1886 2651 58
1933 2590 2130 2651 ‘tecta
2173 2586 2458 2669 superba
2501 2584 2762 2670 petam'.
2825 2583 2920 2649 III
2968 2586 3121 2661 9,14
3232 2578 3233 2603 ²

760 2694 1110 2771 ‘egressum
1156 2689 1364 2768 tectis,
1424 2688 1696 2773 pulcher
1742 2690 1879 2754 Iule
1935 2689 2102 2757 tuis'.
2173 2690 2377 2773 Epist.
2424 2690 2514 2754 IV
2559 2694 2641 2755 60
2690 2696 2910 2753 ‘curva
2957 2705 3123 2753 meae
3232 2706 3233 2721 ³

760 2791 927 2873 fugit
970 2797 1145 2856 tecta
1178 2792 1422 2857 sororis
1456 2792 1629 2879 ope’3
1679 2793 1890 2857 ‘tecta'
1939 2793 2018 2858 de
2062 2792 2463 2877 Labyrintho
2509 2792 2657 2871 (cfr.
2691 2791 2991 2876 exempla
3021 2789 3123 2854 Ca-

759 2895 1079 2978 tulliana).
1172 2896 1321 2960 VIII
1372 2902 1449 2961 10
1512 2896 1607 2960 ‘in
1652 2917 1773 2961 sua
1811 2896 2034 2975 tecta',
2080 2897 2120 2961 i.
2168 2897 2241 2960 V.
2284 2918 2365 2980 p.‚
2412 2917 2496 2961 sc.
2548 2895 2797 2981 Pyrrhi.
2889 2900 2974 2959 54
3018 2896 3124 2957 Α6-
3232 2966 3233 2985 3

760 2997 1049 3081 gistheus
1094 3004 1300 3064 ‘tecta
1360 3000 1768 3079 cruentavit’,
1831 3021 1915 3065 sc.
1965 3000 2480 3083 Agamemnonis.
2556 2998 2617 3063 X
2666 3004 2787 3063 128
2835 2997 2916 3063 cle
2949 2994 3124 3079 ’laby-
3232 2990 3233 3025 l

761 3103 976 3167 rintho
1026 3109 1355 3186 ‘sectaque
1400 3124 1518 3186 per
1564 3102 1797 3168 dubias
1845 3124 2044 3169 saxea
2087 3108 2265 3167 tecta
2312 3102 2487 3168 vias’.
2552 3101 2644 3167 XI
2693 3106 2812 3167 102
2859 3100 3032 3183 ‘fuge
3076 3146 3122 3161 ..
3232 3128 3233 3137 κ

759 3210 937 3270 tecta
998 3205 1280 3270 nefanda
1336 3206 1538 3290 pede’,
1606 3205 1686 3272 de
1732 3206 2027 3272 Canacae
2091 3206 2298 3271 domo.
2389 3205 2540 3271 XIV
2593 3210 2668 3270 13
2734 3205 2975 3287 ‘magni
3021 3200 3124 3268 sub

760 3314 937 3372 tecta
982 3308 1275 3392 Pelasgi’.
1354 3311 1421 3373 A.
1454 3330 1511 3375 a.
1546 3310 1605 3375 II
1638 3315 1762 3375 362
1811 3311 2035 3376 ‘isdem
2079 3309 2201 3375 sub
2246 3310 2730 3394 tectisvhospes
2776 3309 2894 3393 (sc.
2928 3306 3125 3387 Paris)

762 3417 829 3502 et
870 3432 1038 3476 uxor
1080 3413 1303 3477 erant’.
1379 3413 1531 3477 Met.
1578 3414 1607 3477 I
1654 3419 1778 3479 218
1828 3414 2120 3479 ‘Arcadis
2154 3464 2168 3478 .
2202 3412 2579 3498 ‚inhospita
2621 3418 2800 3477 tecta
2831 3408 3128 3497 tyranni'3
3232 3454 3233 3487 3

763 3515 842 3579 de
890 3515 1117 3579 eadem
1148 3516 1338 3581 domo
1388 3521 1505 3581 231
1536 3518 1598 3604 qi.
1632 3518 1706 3582 V.
1736 3539 1798 3601 p.
1859 3518 2090 3597 ‘tecta’,
2135 3518 2287 3581 item
2338 3522 2480 3582 276.
2552 3516 2614 3582 lI
2662 3520 2744 3580 20
2789 3522 2989 3580 ‘tecta
3027 3534 3127 3597 pa·
3231 3500 3233 3517 ⁴

760 3619 1000 3683 rentis'.
1050 3624 1167 3684 761
1217 3620 1522 3685 ‘Invidiae
1565 3671 1574 3683 .
1611 3670 1627 3685 .
1673 3621 2042 3704 squalentia
2085 3621 2241 3686 tabo
2285 3621 2488 3685 Tecta
2530 3620 2700 3704 petit
2744 3669 2759 3683 .
2791 3670 2806 3684 .
2856 3619 3128 3685 domus
3232 3676 3233 3679 ,

760 3721 895 3785 est'.
985 3723 1079 3788 111
1128 3729 1249 3788 204
1298 3730 1654 3807 ‘repetatne
1706 3724 1967 3790 domum
2014 3731 2080 3789 et
2122 3723 2372 3807 regalia
2415 3723 2628 3789 tecta’.
2704 3723 2793 3788 IV
2839 3729 2968 3788 444
3013 3720 3126 3785 ‘imi
3231 3734 3233 3801 j

760 3830 936 3889 tecta
980 3827 1273 3910 tyranni’.
1322 3828 1408 3892 VI
1457 3833 1581 3893 614
1627 3827 1894 3911 ‘regalia
1937 3833 2114 3893 tecta
2161 3826 2491 3892 cremaro'.
2539 3826 2691 3891 VIII
2735 3832 2857 3892 691
2907 3833 3128 3891 ‘vestra
3232 3832 3233 3865 ³

762 3928 1109 4012 relinquite
1140 3930 1353 4009 tecta’,
1402 3930 1481 3995 de
1512 3930 1906 3996 Philemonis
1939 3937 2004 3995 et
2033 3930 2340 3996 Baucidis
2387 3930 2594 3995 domo.
2641 3929 2804 3994 Item
2841 3934 2964 3995 697
3006 3938 3128 3994 ‘sua

760 4038 938 4096 tecta
982 4030 1289 4111 manere',
1349 4039 1415 4097 et
1474 4040 1597 4100 700
1643 4041 2028 4118 ‘aurataque
2073 4040 2250 4099 tecta
2293 4032 2630 4099 videntur'.
2707 4032 2801 4097 XI
2849 4040 2968 4100 591
3019 4033 3127 4097 Iris

765 4140 959 4201 ‘tecta
1001 4138 1167 4220 petit
1212 4187 1226 4201 .
1261 4187 1275 4203 .
1308 4186 1323 4201 .
1368 4137 1642 4203 latentia
1695 4139 1904 4221 regis’.
1991 4138 2141 4204 XIII
2189 4144 2312 4203 638
2373 4138 2576 4221 ‘regia
2634 4142 2812 4201 tecta
2872 4134 3129 4221 petunt’.
3232 4138 3233 4141 ’

763 4240 883 4304 XV
928 4245 1051 4305 808
1098 4243 1318 4305 ‘intres
1352 4290 1365 4304 .
1400 4243 1590 4324 ‚ipsa
1635 4262 1928 4307 sororum
1978 4242 2179 4306 Tecta
2223 4240 2458 4305 trium’.
2507 4239 2696 4305 Trist.
2729 4240 2760 4303 I
2792 4246 2850 4320 9,
2886 4247 2922 4304 7
2972 4248 3127 4304 ‘can-

764 4342 916 4406 dida
959 4345 1173 4423 tecta',
1219 4346 1257 4408 i.
1310 4345 1377 4409 V.
1425 4367 1486 4429 p.
1577 4346 1665 4410 111
1725 4354 1772 4422 l,
1818 4352 1898 4409 34
1945 4350 2335 4427 ‘tectaque
2395 4345 2591 4427 digna
2654 4344 2773 4408 deo
2835 4344 2919 4407 Et
2977 4343 3129 4407 Iovis

765 4447 927 4512 haec
975 4496 987 4510 .
1023 4496 1036 4511 .
1084 4447 1373 4513 domus
1420 4450 1555 4513 est'.
1618 4450 1710 4514 IIl
1749 4456 1844 4529 12,
1883 4455 1960 4513 10
1995 4448 2329 4533 (hirundo)
2363 4452 2683 4530 ‘tectaque
2713 4468 2924 4531 parva
2946 4445 3127 4511 facit’.
