3325 5359
1259 390 1695 452 —45-

299 559 570 644 gravida
628 558 919 624 ‘crimina
973 564 1123 624 sunt
1168 559 1372 626 oculis
1417 557 1843 643 subripienda
1889 558 2135 642 patris'‚
2189 559 2269 626 de
2316 559 2541 626 eadem
2603 581 2675 626 re

289 661 617 729 antecedit
663 668 746 728 64
804 662 1104 745 ‘positum
1151 668 1252 728 est
1303 662 1474 728 uteri
1533 663 1777 727 crimen
1824 682 2113 747 onusque
2158 663 2325 732 mei’.
2384 665 2499 730 XV
2549 669 2675 731 294

287 769 354 833 in
402 767 700 851 epistula,
765 786 959 851 quam
1006 767 1194 832 Paris
1240 766 1324 831 ad
1371 765 1685 832 Helenam
1732 766 1925 845 misit,
1988 766 2219 833 scribit
2278 767 2357 833 de
2417 789 2485 834 se
2529 769 2673 852 ipso

293 879 380 938 ‘et
433 878 550 936 tua
603 871 723 936 sim
773 920 831 936 ..
864 921 878 935 .
927 871 1198 936 crimina
1245 869 1420 936 solus
1467 869 1624 954 ego’,
1689 870 1911 936 attrib.
1956 871 1995 935 i.
2042 870 2110 951 1.‚
2157 870 2363 936 subst.
2408 872 2449 937 i.
2499 872 2567 937 V.
2610 893 2672 955 p.

289 974 444 1040 Met.
475 974 566 1040 III
597 979 722 1041 268
770 975 1267 1058 ‘manifestaque
1299 975 1572 1042 crimina
1600 973 1793 1056 pleno
1830 973 1987 1044 Fert
2016 975 2242 1055 utero',
2288 997 2375 1040 sc.
2402 974 2672 1042 Semela.

289 1078 382 1144 IX
431 1084 552 1144 566
601 1079 836 1162 ‘signat
889 1099 1008 1144 sua
1067 1079 1342 1144 crimina
1403 1077 1697 1162 gemma’‚
1755 1076 1977 1162 Byblis
2032 1079 2248 1162 signat
2312 1079 2676 1162 epistulam,

288 1183 356 1247 in
402 1203 532 1264 qua
576 1181 771 1246 fratri
813 1202 1098 1248 amorem
1140 1182 1460 1247 incestum
1503 1219 1590 1229 —
1619 1181 1927 1246 ‘crimina’
1958 1217 2045 1230 -
2087 1181 2262 1248 fessa
2292 1187 2409 1250 est.
2456 1183 2515 1247 X
2557 1187 2671 1247 197

295 1285 608 1370 Apollinis
636 1285 854 1366 verba,
888 1287 1076 1354 cuius,
1098 1286 1290 1368 culpa
1315 1284 1719 1369 Hyacinthus
1741 1286 1940 1350 vitam
1967 1287 2305 1352 amiserat:
2339 1285 2675 1369 ‘videoque

290 1395 546 1468 tuum,
577 1409 720 1454 mea
755 1389 1148 1470 crimina,
1193 1387 1463 1454 vulnus
1487 1387 1584 1453 Tu
1608 1386 1793 1453 dolor
1827 1409 1896 1454 es
1927 1387 2401 1472 facinusque
2426 1388 2677 1454 meum'.

291 1493 389 1558 De
435 1493 660 1558 eadem
706 1513 777 1557 re
822 1492 862 1556 i.
907 1493 981 1558 V.
1027 1514 1088 1576 p.
1136 1491 1466 1572 ‘crimina’,
1512 1491 1626 1556 sed
1672 1491 1739 1556 in
1788 1513 1980 1558 versu
2026 1493 2321 1576 sequenti
2368 1491 2676 1572 ‘facinus’,

291 1705 736 1783 conceptaque
783 1699 1056 1764 crimina
1097 1699 1357 1781 portat’,
1403 1699 1446 1762 i.
1494 1699 1568 1763 V.
1611 1720 1693 1781 p.,
1739 1720 1825 1765 sc.
1871 1697 2155 1783 Myrrha.

466 1803 850 1886 currusl)
904 1803 944 1866 i.
1009 1803 1233 1868 incert.
1281 1801 1439 1870 Fab.
1492 1807 1610 1869 196
1671 1801 1955 1886 ‘rapiunt
2006 1823 2125 1886 per
2182 1802 2391 1868 undas
2450 1804 2679 1868 currus

295 1905 640 1990 suspensos
685 1905 872 1988 equi’.
942 1906 1146 1984 Quem
1177 1927 1434 1971 versum
1481 1911 1946 1970 commemorat
1983 1905 2207 1972 Cicero
2236 1907 2304 1970 in
2334 1905 2483 1971 Tus.
2514 1906 2677 1989 disp.

292 2010 356 2075 II
400 2015 502 2090 27,
550 2014 648 2074 67.
721 2007 1016 2074 Ribbeck
1074 2009 1140 2072 in
1200 2010 1474 2074 scaenic.
1543 2009 1725 2074 Rom.
1790 2029 1962 2092 poes.
2022 2008 2143 2092 frg.
2212 2031 2358 2075 eum
2417 2015 2680 2093 captum

297 2134 439 2179 esse
470 2133 552 2177 ex
587 2113 746 2177 Attii
781 2111 1108 2178 Oenomao
1156 2113 1544 2196 suspicatur.
1613 2112 1683 2178 Si
1714 2118 1897 2177 recta
1926 2113 2091 2178 haec
2137 2113 2459 2180 sententia
2488 2118 2680 2193 esset,

295 2216 568 2301 pluralis
621 2217 918 2300 poeticus
977 2215 1266 2298 intellegi
1318 2221 1591 2300 posset..
1649 2215 1779 2280 Sed
1825 2216 2021 2282 certis
2076 2217 2474 2298 argumentis
2517 2217 2682 2282 haec

173 2393 176 2396 ,
297 2321 515 2404 opinio
560 2340 689 2385 non
732 2318 1049 2384 firmatur.
1138 2320 1278 2398 Quo
1337 2319 1537 2385 dubio
1583 2319 1879 2403 exemplo
1926 2319 2162 2385 omisso
2208 2340 2357 2404 pps
2399 2321 2683 2404 primum

300 2445 340 2488 a
395 2422 772 2504 Vergilio
831 2427 1216 2506 usurpatum
1281 2444 1422 2489 esse
1483 2428 1759 2488 constat.
1822 2426 1931 2488 Ae.
1973 2422 2004 2487 Ι
2049 2428 2173 2489 486
2220 2429 2313 2488 ‘ut
2358 2423 2565 2507 spolia
2609 2429 2684 2489 ut

299 2533 784 2611 currusvutque
815 2527 1027 2610 ipsum
1060 2547 1296 2609 corpus
1329 2527 1522 2591 amici
1553 2575 1566 2588 .
1595 2579 1608 2594 .
1642 2525 2019 2609 conspexit’.
2076 2527 2162 2594 VI
2194 2532 2319 2594 485
2366 2527 2681 2593 ‘Idaeum-

300 2652 426 2713 que
473 2632 666 2695 etiam
717 2630 1219 2712 currusk‘etiam
1264 2651 1448 2694 arma
1493 2630 1859 2694 tenentem’.
1916 2630 1977 2694 X
2026 2635 2151 2696 574
2197 2629 2683 2715 ‘effunduntque

303 2734 532 2798 ducem
586 2734 982 2817 rapiuntque
1041 2733 1125 2798 ad
1183 2733 1381 2799 litora
1445 2733 2028 2817 currusvlnterea’.
2096 2739 2219 2800 592
2274 2734 2477 2800 ‘nulla
2535 2741 2683 2800 tuos

303 2857 532 2901 currus
571 2836 764 2919 fuga’.
815 2836 937 2900 XII
985 2841 1109 2902 350
1157 2835 1422 2920 (Dolon)
1479 2845 1699 2902 ‘ausus
1741 2836 2001 2901 Pelidae
2048 2839 2330 2921 pretium
2370 2837 2493 2902 sibi
2537 2859 2683 2921 pos-

307 2959 456 3002 cere
487 2938 733 3003 currus’
766 2959 991 3004 versus
1037 2958 1312 3021 sequens
1345 2960 1384 3002 a
1414 2939 1623 3004 vocali
1669 2940 1913 3024 incipit.
1964 2945 2088 3006 485
2123 2947 2403 3005 ‘aversos
2449 2942 2685 3006 totiens

305 3040 861 3125 currusvluturna
885 3041 1190 3106 retorsit’.
1241 3046 1365 3106 918
1398 3047 1536 3106 ‘nec
1569 3063 2127 3126 currusvusquam
2158 3043 2373 3122 videt’,
2420 3064 2505 3108 sc.
2525 3043 2686 3108 Tur-

303 3167 425 3211 nus
470 3145 712 3210 sororis
759 3165 1042 3211 currum.
1103 3143 1496 3210 Tibullus
1542 3145 1572 3208 I
1613 3151 1673 3225 4,
1721 3151 1801 3212 68
1850 3146 2105 3212 ‘Idaeae
2151 3147 2541 3230 currusville
2586 3168 2687 3212 se-

305 3254 546 3332 quatur
596 3248 790 3333 Opis’.
842 3249 984 3314 Abl.
1019 3249 1505 3333 sing..saepius.
1595 3248 1947 3315 Ovidius
1992 3271 2114 3315 am.
2160 3249 2191 3314 Ι
2239 3255 2295 3330 7,
2343 3255 2421 3314 37
2470 3257 2686 3334 ‘quae-

304 3375 430 3436 que
498 3358 646 3419 tuos
703 3373 933 3422 currus
1001 3353 1348 3418 comitatus
1395 3352 1593 3417 turba
1655 3354 2004 3437 sequetur’‚
2064 3355 2105 3418 i.
2152 3375 2204 3420 e.
2252 3374 2482 3420 currus
2528 3355 2685 3432 eius,

310 3457 421 3538 qui
459 3457 860 3541 triumphum
909 3457 1062 3540 agit.
1111 3457 1316 3540 Epist.
1362 3457 1448 3522 IV
1481 3464 1562 3523 45
1609 3464 1823 3540 ‘saepe
1868 3458 2051 3524 iuvat
2092 3478 2353 3524 versare
2394 3458 2686 3542 levesvin

302 3559 568 3644 pulvere
633 3561 896 3627 currus'.
999 3564 1070 3626 A.
1117 3581 1240 3625 am.
1295 3561 1391 3625 111
1441 3567 1562 3626 158
1625 3561 1923 3627 Bacchus
1978 3561 2259 3628 ‘sustulit
2312 3562 2380 3627 in
2438 3583 2687 3642 curruS,

307 3665 510 3729 Gnosi
553 3665 804 3745 relicta,
859 3664 1048 3730 suos’.
1137 3664 1290 3739 Met.
1338 3665 1398 3728 ΙΙ
1441 3670 1522 3729 47
1571 3671 1819 3730 ‘currus
1861 3670 2053 3749 rogat
2098 3667 2212 3750 (sc.
2254 3666 2574 3748 Phaeton)
2623 3714 2635 3728 .
2672 3715 2686 3730 .

303 3767 651 3850 paternos’‚
697 3767 778 3833 de
827 3767 993 3832 Solis
1041 3788 1254 3834 curru.
1345 3767 1508 3832 Item
1555 3773 1635 3833 62
1696 3775 1844 3834 ‘non
1889 3774 2043 3852 agat
2106 3769 2226 3835 hos
2286 3767 2686 3851 currusvet’3

302 3869 475 3934 idem
525 3876 605 3935 74
671 3868 860 3953 ‘finge
924 3870 1112 3936 datos
1160 3870 1426 3949 currus’‚
1486 3877 1637 3936 ante
1684 3891 1891 3952 cons.;
1959 3871 2069 3937 sed
2137 3877 2258 3938 104
2322 3871 2403 3936 de
2459 3871 2685 3937 eodem

304 3978 487 4039 extat
547 3995 687 4056 gen.
735 3973 894 4056 sing.
959 3973 1344 4056 ‘flagratque
1407 3975 1711 4056 cupidine
1756 3975 2020 4041 currus'.
2112 3976 2460 4040 Praeterea
2525 3975 2685 4058 sing.

309 4083 450 4156 150,
513 4082 654 4157 166,
715 4081 858 4142 205.
951 4075 1091 4140 Abl.
1137 4076 1302 4160 plur.
1361 4077 1442 4142 de
1505 4077 1671 4142 Solis
1734 4099 1927 4143 curru
1993 4083 2111 4142 146
2175 4077 2493 4157 ‘consiliis‚
2558 4099 2686 4142 non

307 4179 608 4246 curribus
653 4185 838 4245 utere
877 4179 1156 4260 nostris’‚
1209 4180 1374 4246 Solis
1421 4180 1636 4246 verba.
1713 4181 1808 4246 De
1854 4182 2079 4246 eadem
2126 4203 2198 4258 re
2239 4187 2365 4248 230
2408 4189 2687 4246 ‘currus-

305 4305 432 4366 que
477 4304 628 4349 suos
673 4283 1062 4348 candescere
1107 4284 1340 4364 sentit’,
1401 4291 1468 4348 et
1531 4289 1652 4350 305
1723 4286 1854 4368 ‘qui
1911 4283 2183 4350 dederat
2242 4285 2487 4350 currus'
2534 4291 2684 4350 ante

306 4409 500 4468 cons„
546 4395 613 4452 et
655 4393 780 4452 388
829 4393 1187 4469 ‘portantes
1234 4388 1478 4452 lumina
1525 4389 1789 4452 currus'.
1851 4390 1933 4452 IV
1985 4395 2109 4453 630
2156 4389 2235 4452 de
2280 4389 2446 4453 Solis
2491 4410 2687 4454 curru

483 4526 534 4593 1)
570 4523 826 4579 Bednara
860 4525 978 4578 562.
