3325 5359
1665 351 2097 411 ...30-

690 520 1236 607 turnasvincohat
1279 520 1466 586 aras’.
1545 520 1616 585 V.
1643 524 1766 585 237
1802 527 2079 585 ‘taurum
2112 520 2515 586 Constituam
2562 526 2711 586 ante
2754 540 2905 585 aras
2933 520 3072 584 voti

687 648 840 691 reus
875 678 887 691 .
921 675 936 689 .
971 625 1006 691 .’
1100 625 1216 691 VH
1260 630 1384 689 245
1431 624 1775 691 ‘Anchises
1821 645 1982 689 auro
2028 623 2285 689 libabat
2328 624 2415 689 ad
2460 620 2651 689 aras’.
2744 624 2894 689 VIII
2946 629 3067 690 106

691 737 905 794 ‘cruor
959 728 1256 795 fumabat
1301 728 1385 793 ad
1445 728 1630 793 aras’.
1716 735 1835 794 179
1884 728 2099 808 ‘arae’,
2143 729 2183 792 i.
2228 751 2285 794 v.
2336 734 2456 794 186
2504 728 2797 812 sequitur
2851 729 3070 811 singu-

688 833 879 912 laris,
940 832 1056 897 ubi
1123 832 1204 897 de
1268 832 1513 897 eisdem
1572 831 1771 898 rebus
1849 833 2085 915 agitur.
2194 832 2317 897 XII
2382 838 2503 898 201
2586 838 2802 914 ‘tango
2878 832 3071 897 aras’.

692 942 815 1002 293
862 936 1196 1021 ‘oppositis
1243 958 1283 1001 a
1327 942 1510 1019 tergo
1553 936 1900 1001 involvitur
1945 936 2116 1001 aris'.
2193 936 2590 1001 Tibullus
2623 957 2757 1021 pps
2800 936 2863 1001 II
2900 942 2953 1015 1,
2990 941 3067 1001 15

687 1040 1158 1125 ‘fulgentesvut
1200 1045 1340 1105 eat.
1377 1090 1392 1105 .
1424 1060 1630 1122 agnus
1661 1040 1746 1105 ad
1793 1040 1981 1119 aras’,
2026 1062 2083 1105 v,
2112 1045 2183 1104 11
2221 1039 2539 1105 ‘discedat
2569 1039 2653 1105 ab
2685 1040 2817 1104 aris
2850 1038 2969 1105 Cui
2999 1088 3014 1102 .
3052 1089 3065 1101 .

687 1145 844 1209 tulit
889 1144 1130 1227 gaudia
1160 1144 1415 1209 Venus’.
1489 1143 1552 1208 11
1599 1149 1656 1225 2,
1714 1152 1744 1211 1
1791 1144 1984 1208 ‘venit
2028 1144 2266 1209 natalis
2312 1143 2397 1208 ad
2441 1142 2626 1209 aras’.
2698 1143 2791 1207 111
2840 1148 2937 1222 19,
2986 1148 3067 1208 23

687 1248 976 1313 ‘Veneris
1023 1300 1037 1315 .
1071 1297 1084 1311 .
1119 1297 1133 1313 .
1179 1247 1508 1312 considam
1553 1248 1809 1313 vinctus
1854 1247 1938 1312 ad
1984 1247 2172 1311 aras’.
2264 1246 2612 1312 Ovidius
2667 1268 2820 1330 pps
2880 1248 3067 1330 epist.

685 1350 805 1416 VII
841 1356 955 1415 113
1003 1349 1261 1415 ‘occidit
1305 1351 1594 1416 internas
1642 1352 1921 1415 coniunx
1953 1356 2277 1415 mactatus
2309 1350 2393 1415 ad
2424 1351 2613 1430 aras',
2659 1350 2740 1415 de
2772 1349 3065 1435 Sychaeo

688 1454 959 1519 Didonis
1004 1454 1238 1521 marito
1279 1455 1513 1537 agitur.
1561 1455 1765 1539 Epist.
1800 1454 1920 1518 XX
1953 1460 2034 1521 93
2068 1454 2372 1537 ‘dumque
2403 1474 2641 1537 parens
2673 1475 2823 1519 aras
2852 1454 3067 1519 votivo

623 1562 629 1568 '
684 1558 998 1641 sanguine
1051 1558 1281 1641 tingit’.
1371 1561 1443 1624 A.
1489 1579 1544 1624 a.
1594 1559 1623 1622 I
1665 1564 1790 1625 319
1851 1558 1931 1623 de
1978 1579 2178 1623 vacca
2222 1578 2419 1642 quam
2465 1557 2789 1642 Pasiphae
2842 1578 3067 1623 amore

684 1662 860 1725 tauri
916 1662 1180 1726 incensa
1239 1662 1414 1744 quod
1467 1662 1647 1727 illa-m
1706 1662 2026 1727 aemulam
2090 1682 2231 1727 esse
2288 1661 2651 1727 arbitratur
2710 1661 2851 1727 ‘sub
2914 1661 3067 1745 iuga

685 1785 886 1829 curva
968 1764 1164 1829 trahi’
1237 1766 1426 1830 iussit
1521 1771 1656 1830 ‘aut
1736 1765 1971 1830 cadere
2053 1770 2204 1830 ante
2281 1787 2321 1830 a
2344 1787 2378 1829 r
2402 1786 2441 1829 a
2466 1765 2515 1829 s’
2590 1768 2771 1850 (ante
2845 1766 3068 1849 cons.).

687 1868 837 1932 Met.
884 1868 997 1933 VII
1035 1872 1117 1931 74
1162 1868 1322 1933 ‘ibat
1361 1868 1446 1933 ad
1507 1868 2147 1953 antiquasvHecates
2190 1868 2533 1933 Perseidos
2580 1869 2749 1934 aras’
2810 1890 2896 1934 sc.
2932 1869 3065 1933 Me-

686 1971 827 2036 dea.
931 1970 1082 2036 Met.
1151 1972 1299 2037 VIII
1365 1977 1492 2038 480
1578 1978 1749 2037 ‘ante
1816 1972 2496 2056 sepulcralesvinfelix
2555 1972 2815 2037 adstitit
2878 1972 3065 2037 aras’.

683 2075 834 2140 VIII
882 2079 1003 2140 763
1050 2080 1220 2139 ‘ante
1279 2076 1709 2161 arasvingens
1755 2126 1769 2139 .
1799 2125 1813 2140 .
1840 2126 1857 2140 .
1905 2082 2139 2141 taurus
2178 2075 2512 2141 Concidit’.
2586 2076 2681 2140 IX
2728 2080 2849 2142 782
2906 2076 3064 2140 ‘visa

683 2174 808 2243 dea
849 2183 964 2262 (sc.
1001 2178 1145 2261 Isis)
1190 2180 1464 2245 movisse
1507 2185 1801 2265 suasmet
1842 2185 2152 2258 moverat,
2201 2179 2389 2244 aras’.
2467 2179 2591 2244 XII
2640 2184 2761 2245 152
2813 2178 2893 2244 de
2936 2200 3069 2243 una

683 2302 802 2347 ara
861 2281 1246 2347 ‘calentibus
1300 2284 1468 2348 aris’.
1559 2283 1714 2348 XIII
1772 2289 1896 2350 453
1962 2282 2353 2348 ‘crudelibus
2407 2284 2538 2347 aris
2583 2282 2865 2349 Admota
2928 2282 3066 2362 est’,

683 2407 772 2451 sc.
817 2384 1145 2469 Polyxena
1191 2407 1359 2475 quae
1405 2387 1639 2452 Achilli
1686 2393 2111 2466 mactaretur3
2160 2392 2309 2451 met.
2358 2386 2475 2451 XV
2524 2392 2647 2453 686
2693 2387 3065 2471 ι11111111111113ν

683 2488 984 2554 abiturus
1040 2490 1306 2573 respicit
1360 2490 1548 2554 aras’.
1639 2495 1764 2556 723
1810 2491 2077 2575 ‘patrias
2124 2490 2517 2573 Epidaurius
2562 2510 2715 2555 aras
2759 2490 3063 2573 Linquit’.

683 2593 860 2658 Fast.
911 2591 1003 2656 III
1060 2596 1184 2657 862
1262 2598 1458 2658 ‘stant
1517 2594 1710 2658 simul
1770 2599 1921 2660 ante
1992 2592 2437 2677 arasviuneta'
2514 2595 2630 2677 (sc.
2676 2592 2953 2659 Phrixus
3002 2599 3069 2658 et

688 2696 920 2780 Helle).
1796 2698 1804 2707 ’

857 2808 1147 2865 aratra
1175 2802 1222 2885 1)
1266 2822 1420 2885 pps
1472 2800 1622 2875 inde
1670 2822 1710 2865 a
1740 2800 2123 2883 Vergilio
2168 2800 2511 2879 invenitur,
2558 2800 2673 2865 sed
2718 2800 3065 2865 rarissime.

686 2904 1007 2987 Vergilius
1049 2906 1116 2969 in
1162 2926 1258 2987 ge.
1291 2905 1386 2970 III
1419 2910 1541 2971 519
1590 2910 1806 2990 ‘opere
1850 2905 1917 2968 in
1963 2905 2175 2970 medio
2224 2903 2439 2969 defixa
2480 2903 2791 2986 relinquit
2820 2904 3062 2968 aratra’

679 3021 950 3092 propter
1007 3008 1400 3092 singularem
1454 3008 1931 3073 incommodum
1978 3007 2318 3073 ‘defixum’.
2404 3007 2696 3073 Catullus
2739 3008 2907 3091 plur.
2955 3029 3062 3072 ex-

682 3110 868 3176 hibet
930 3109 1322 3195 generaliter
1368 3119 1470 3192 64,
1515 3116 1596 3177 42
1659 3114 1947 3196 itemque
2011 3112 2390 3196 Propertius
2429 3111 2493 3175 II
2536 3118 2595 3191 4,
2660 3117 2695 3177 3
2767 3112 3065 3195 ‘primum

682 3220 912 3280 taurus
959 3216 1300 3281 detrectat.
1328 3216 1591 3295 aratra’‚
1633 3215 1747 3284 cfr.
1794 3216 1881 3280 ad
1923 3216 2097 3280 hunc
2140 3216 2353 3280 locum
2396 3214 2509 3279 Ov,
2538 3221 2719 3299 pont.
2749 3215 2841 3279 III
2892 3221 2949 3293 7,
2991 3221 3063 3279 15

681 3322 928 3383 ‘taurus
975 3319 1298 3383 detrectat
1343 3318 1676 3383 aratrum’.
1781 3318 1995 3384 Etiam
2039 3318 2307 3383 Ovidius
2350 3318 2690 3401 usurpavit
2745 3318 3063 3401 pluralem

683 3422 1050 3503 generalem
1122 3424 1190 3486 in
1254 3428 1395 3487 arte
1460 3422 1523 3486 11
1588 3427 1709 3489 184
1792 3423 2057 3487 ‘rustica
2122 3422 2441 3507 paulatim
2522 3426 2754 3487 taurus
2824 3427 3065 3506 ‚aratra

685 3523 896 3606 subit'.
986 3525 1083 3590 De
1147 3524 1400 3608 Spittae
1459 3526 1812 3604 sententia,
1864 3526 1991 3609 -qui
2046 3526 2087 3591 1.
2130 3548 2181 3591 c.
2242 3549 2305 3610 p.
2353 3530 2434 3591 34
2480 3525 2563 3590 ad
2625 3546 2722 3608 ge.
2784 3526 2877 3590 111
2939 3530 3088 3591 519‘

683 3627 1244 3711 interpretandum
1305 3628 1404 3693 ‘de
1462 3628 1734 3694 diversis
1792 3630 1997 3693 aratri
2039 3629 2356 3714 partibus'
2417 3630 2557 3712 agi,
2627 3650 2789 3711 quas
2854 3616 3065 3713 'poeta

685 3750 780 3812 ge.
829 3731 858 3794 I
896 3737 1012 3797 169
1061 3732 1497 3815 descripserit,
1545 3733 1898 3811 contendit,
1944 3755 2088 3799 cum
2136 3733 2453 3797 arcessita
2496 3732 2599 3811 sit,
2646 3732 2807 3797 nihil
2850 3731 3063 3797 habeo

683 3834 858 3917 quod
904 3835 1160 3900 addam.

857 3938 1239 4003 arbitria
1277 3960 1398 4023 pro
1445 3939 1840 4005 ‘arbitrium’
1886 3940 2083 4005 semel
2129 3939 2303 4023 apud
2348 3939 2693 4006 Horatium
2740 3959 2936 4004 carm.
2976 3938 3064 4002 IV

687 4048 743 4119 7,
792 4048 864 4105 21
925 4049 1090 4106 ‘cum
1148 4042 1347 4107 semel
1407 4043 1723 4109 occideris
1776 4049 1842 4109 et
1902 4044 1982 4107 de
2042 4049 2108 4109 te
2170 4042 2508 4128 splendida
2552 4044 2761 4108 Minos
2808 4042 3066 4107 Fecerit

686 4141 1013 4225 arbitria',
1047 4133 1373 4211 'attributi
1435 4146 1814 4231 ‘splendida’
1873 4168 2089 4227 causa,
2147 4147 2323 4230 quod
2380 4147 2799 4231 singulariter
2859 4147 2927 4210 in
2990 4147 3064 4212 V.

687 4248 1050 4313 hexametri
1081 4250 1246 4333 pede
1277 4252 1582 4334 usurpari
1625 4272 1755 4315 non
1795 4256 2074 4335 poterat.
2132 4250 2371 4316 Contra
2410 4251 2664 4316 ‘fecerit
2697 4249 3063 4315 arbitrium’

687 4353 712 4436 (
713 4380 1100 4410 υυυυυυυ
1101 4357 1126 4437 )
1171 4354 1255 4417 ad
1302 4360 1577 4419 metrum
1623 4354 1925 4437 quadrat.

873 4461 1366 4559 isffifssednara
1394 4492 1568 4546 Aroh.
1610 4494 1687 4554 14,
1723 4494 1841 4545 541.
1912 4491 2111 4546 Haner
2145 4492 2181 4544 1.
2219 4509 2265 4548 c.
2302 4510 2357 4561 p.
2399 4494 2477 4545 16.
