3325 5359
1191 365 1618 426 -35—

222 536 389 615 suo’,
453 534 531 600 de
572 554 702 599 uno
760 532 1007 617 proelio
1063 533 1310 616 agitur,
1367 533 1407 598 i.
1454 533 1536 602 V.
1581 555 1644 618 p.
1704 533 1909 617 Epist.
1956 534 1985 598 Ι
2033 538 2114 601 69
2179 528 2432 600 ‘scirem
2488 534 2605 600 ubi

217 659 563 723 pugnaree,
592 643 658 702 et
687 643 940 702 tantum
972 635 1146 701 bella
1177 636 1510 716 timerem’,
1557 638 1596 701 i.
1617 635 1687 701 V.
1711 659 1772 720 p.
1812 638 2162 724 (Penelope
2194 637 2276 703 ad
2302 637 2605 721 Ulixem).

225 747 361 809 Am.
392 742 482 806 III
523 747 617 820 12,
652 747 691 806 4
732 741 1073 826 (amatorie
1117 739 1343 823 verba)
1390 746 1652 824 ‘quosve
1698 740 1854 806 deos
1897 744 1965 805 in
2011 762 2113 806 me
2145 740 2321 807 bella
2349 761 2607 807 movere

224 845 500 930 querar’,
545 845 584 912 i.
610 845 682 909 V.
714 865 776 927 p.
847 845 983 908 Am.
1016 843 1077 907 II
1115 848 1212 922 18,
1245 847 1321 907 12
1355 849 1608 926 ‘resque
1653 843 1827 908 domi
1874 849 2090 926 gestas
2134 847 2201 910 et
2242 865 2389 909 mea
2431 842 2608 908 bella

222 949 424 1029 cano’,
474 949 517 1012 i.
547 947 621 1014 V.
652 969 713 1031 p.
761 952 818 1022 6,
857 951 935 1012 25
971 953 1115 1010 ‘non
1162 951 1232 1010 tu
1279 946 1421 1012 fera
1470 945 1639 1012 bella
1688 946 2090 1012 movebas..
2120 948 2302 1030 pacis
2350 950 2606 1012 amator

223 1052 409 1132 eras’,
475 1052 515 1116 i.
544 1052 618 1116 V.
666 1073 726 1135 p.
789 1049 939 1115 Met.
986 1050 1104 1114 VII
1149 1051 1273 1116 212
1322 1057 1454 1114 ‘vos
1497 1051 1963 1134 septentigenis
2006 1053 2071 1116 in
2120 1071 2195 1116 se·
2248 1051 2391 1117 fera
2430 1049 2608 1117 bella

219 1154 530 1235 dedistis',
577 1155 618 1219 i.
664 1155 739 1219 V.
786 1176 848 1238 p.
925 1153 1017 1216 IX
1062 1158 1142 1218 42
1188 1152 1538 1237 (Achelous
1589 1159 1658 1218 et
1703 1154 2047 1239 Hercules)
2106 1159 2350 1220 ‘rursus
2395 1203 2412 1218 .
2460 1203 2473 1218 .
2521 1153 2605 1219 ad

185 1259 394 1325 -bella
452 1257 735 1336 coimus'‚
800 1258 840 1320 i.
885 1256 959 1323 V.
1005 1279 1088 1340 p.,
1133 1254 1213 1321 de
1278 1277 1406 1320 uno
1471 1257 1823 1322 certamine
1888 1258 1993 1340 agi
2056 1257 2268 1323 elucet
2314 1278 2350 1323 e
2395 1279 2452 1322 v.
2501 1262 2604 1324 34.

220 1363 514 1446 Itemque
561 1361 642 1427 de
687 1381 816 1425 uno
859 1360 1210 1425 certamine
1256 1358 1648 1428 Maenadum
1696 1360 2068 1445 Orpheique
2114 1359 2207 1425 XI
2259 1367 2337 1426 14
2384 1365 2605 1426 ‘teme-

220 1467 400 1531 raria
457 1470 759 1530 crescunt
819 1461 1041 1527 Bella’.
1107 1464 1147 1527 i.
1197 1463 1268 1528 V.
1319 1469 1384 1528 et
1433 1463 1482 1528 I.
1532 1486 1596 1548 p.
1640 1464 1764 1530 XII
1815 1470 1940 1530 418
2002 1463 2368 1547 ‘Lapitheia
2428 1470 2607 1529 tecta

223 1570 562 1635 Intrarunt
623 1567 891 1652 pariter,
950 1567 1202 1651 pariter
1260 1565 1402 1631 fera
1459 1565 1634 1632 bella
1687 1565 2041 1652 gerebant’.
2106 1567 2295 1652 (sing.
2342 1572 2466 1634 307
2524 1567 2605 1632 de

219 1671 646 1758 Lapitharum
694 1670 1294 1753 Centaurorumque
1354 1669 1572 1754 bello).
1679 1675 1797 1735 621
1852 1670 1935 1735 de
1976 1671 2389 1736 contentione
2435 1671 2607 1741 inter

225 1776 484 1840 Aiacem
526 1780 594 1839 et
640 1774 896 1839 Ulixem
943 1775 1024 1841 de
1071 1774 1271 1838 armis
1306 1772 1574 1838 Achillis
1624 1779 1799 1839 orta:
1857 1773 2052 1839 ‘bella
2095 1779 2311 1839 movet
2356 1774 2604 1858 clipeus

222 1878 436 1961 deque
481 1878 679 1943 armis
726 1898 910 1942 arma
955 1876 1289 1942 feruntur’.
1365 1880 1483 1942 139
1526 1882 1759 1942 ‘tecum
1804 1875 1979 1941 bella
2024 1897 2245 1959 geram
2277 1898 2399 1945 nec
2430 1897 2605 1942 mors

219 1982 378 2047 mihi
423 1981 606 2046 finiet
649 1981 820 2046 iras'.
899 1980 991 2044 XI
1031 1986 1150 2046 491
1200 1980 1520 2062 ‘omnique
1571 2001 1605 2045 e
1645 1985 1836 2064 parte
1870 1979 2119 2044 feroces
2154 1979 2339 2045 Bella
2369 1986 2605 2064 gerunt

223 2085 432 2150 venti’.
556 2084 712 2150 XIII
786 2089 910 2150 613
986 2083 1134 2148 ‘duo
1207 2083 1466 2148 diversa
1534 2083 1758 2167 populi
1836 2083 1916 2148 de
1988 2089 2177 2166 parte
2234 2133 2249 2147 .
2297 2133 2311 2148 .
2360 2133 2374 2149 .
2422 2083 2606 2154 Bella

221 2188 494 2274 gerunt’.
604 2193 726 2254 662
808 2187 1010 2252 ‘miles
1081 2186 1268 2251 adest
1336 2192 1400 2251 et
1469 2187 1535 2250 ni
1602 2186 1952 2266 dedantur,
2037 2186 2211 2252 bella
2282 2186 2607 2252 minatur’.

220 2291 340 2355 XV
384 2297 506 2358 773
555 2290 768 2374 (video
813 2290 1128 2373 Aeneam)
1183 2289 1376 2354 ‘bella
1408 2340 1420 2354 .
1458 2311 1645 2354 .cum
1690 2290 1907 2354 Turno
1955 2289 2217 2373 gerere'.
2264 2291 2303 2355 i.
2338 2290 2385 2355 I.
2412 2312 2477 2374 p.
2521 2327 2611 2340 -
2660 2344 2666 2349 ,

219 2398 344 2459 Ars
384 2395 446 2460 II
501 2400 626 2460 404
685 2393 857 2459 bella
903 2396 942 2458 i.
989 2395 1034 2459 Ι.
1083 2417 1142 2478 p.
1187 2391 1369 2458 Pont.
1425 2393 1487 2458 II
1547 2398 1644 2472 10,
1708 2398 1787 2459 14
1843 2400 1945 2460 ‘ne
2016 2398 2286 2459 careant
2353 2387 2607 2459 summa

220 2498 456 2563 Troica
521 2497 696 2562 bella
765 2497 997 2576 manu',
1081 2497 1122 2561 i.
1167 2498 1239 2563 V.
1283 2518 1344 2579 p.
1436 2497 1611 2561 Fast.
1655 2497 1713 2561 V
1771 2501 1888 2582 701
1955 2496 2149 2562 ‘bella
2202 2496 2462 2580 parant’
2526 2497 2607 2562 de

219 2623 350 2666 uno
399 2600 570 2666 bello
616 2601 656 2665 i.
700 2602 747 2666 I.
795 2624 857 2686 p.
2540 2683 2546 2694 ‚

394 2704 637 2769 betae
668 2705 734 2787 ¹).
839 2707 998 2788 Aug.
1044 2704 1248 2769 doctr.
1297 2703 1516 2768 christ.
1566 2703 1626 2767 ΙΙ
1674 2709 1775 2782 24,
1822 2708 1902 2769 37
1955 2702 2132 2768 ‘beta
2187 2725 2318 2770 uno
2377 2703 2605 2770 eodem

223 2827 380 2872 sono
449 2807 624 2890 apud
678 2806 964 2872 Graecos
1017 2807 1297 2885 litterae,
1351 2806 1526 2890 apud
1574 2807 1840 2872 Latinos
1889 2806 2131 2873 holeris
2187 2819 2418 2873 nomen
2466 2809 2602 2877 est’.
2716 2836 2724 2844 ·

223 2909 492 2992 Legitur
535 2909 686 2973 inde
735 2931 774 2973 a
809 2910 1042 2976 Plauto
1091 2911 1201 2993 qui
1248 2910 1474 2974 eodem
1521 2901 1712 2973 modo
1758 2931 1836 2973 ac
1883 2909 2107 2974 Cicero
2156 2910 2330 2975 hanc
2382 2933 2603 2976 vocem

221 3012 346 3076 nisi
375 3011 793 3096 singulariter
834 3033 960 3076 non
1008 3012 1290 3077 exhibet.
1357 3012 1512 3096 (Cic.
1550 3012 1632 3076 ad
1661 3012 1811 3075 sam.
1843 3012 1964 3076 V11
2011 3018 2111 3087 26,
2161 3017 2246 3097 2).
2312 3014 2604 3097 Itemque

225 3114 518 3180 Catullus
580 3121 682 3194 67,
745 3121 844 3182 21.
936 3107 1152 3180 Plur.
1212 3115 1490 3199 primum
1539 3114 1827 3180 occurrit
1883 3115 1949 3178 in
2001 3115 2285 3182 Moret.
2351 3120 2430 3180 72
2478 3115 2603 3180 ‘hic

224 3208 389 3297 oluS,
427 3217 535 3283 hic
578 3218 711 3284 late
759 3218 1119 3283 fundendes
1162 3218 1472 3284 bracchia
1517 3217 1746 3282 betae’.
1810 3217 2025 3302 Priap.
2062 3224 2161 3298 51,
2199 3224 2294 3284 15.
2356 3218 2601 3283 Plinius

223 3329 288 3386 et
329 3323 489 3406 sing.
537 3328 604 3387 et
646 3323 813 3408 plur.
859 3321 1227 3406 promiscue
1273 3321 1560 3388 adhibet.
2244 3319 2251 3324 ’

392 3413 675 3506 busta,
724 3426 835 3492 ubi
884 3426 963 3491 de
1008 3446 1136 3491 uno
1159 3432 1414 3490 tantum
1445 3425 1715 3504 tumulo,
1758 3445 1936 3507 rogo,
1978 3425 2323 3510 sepulchro
2363 3425 2599 3508 agitur,

219 3529 492 3614 pluralis
539 3531 791 3595 numeri
839 3552 973 3595 acc.
1020 3530 1121 3595 vel
1165 3550 1334 3594 nom.
1382 3529 1571 3594 metri
1619 3530 2009 3595 necessitate
2054 3530 2371 3615 imprimis
2413 3531 2480 3594 in
2524 3529 2599 3594 V.

219 3633 474 3698 hexam.
520 3634 702 3716 pede.
815 3635 1053 3699 Poetae
1120 3634 1356 3699 Graeci
1425 3632 1695 3698 similem
1757 3654 1943 3698 usum
2012 3633 2136 3698 sibi
2196 3633 2600 3718 permittunt,

225 3736 526 3800 nimirum
573 3738 896 3801 nominum
944 3741 1156 3823 ταφαί
1189 3743 1257 3801 et
1290 3735 1581 3823 τάφοιῖ).
1670 3758 1819 3820 ppe
1862 3729 2014 3802 inde
2058 3757 2098 3801 a
2142 3736 2600 3820 Propertio

221 3859 540 3923 persaepe
586 3841 886 3920 occurrit,
948 3841 1059 3923 qui
1105 3840 1166 3904 ΙΙ
1213 3846 1310 3920 13,
1371 3845 1449 3904 33
1505 3840 1569 3903 in
1631 3839 1759 3904 abl.
1818 3838 2131 3922 singulari
2191 3840 2417 3918 utitur,
2484 3838 2600 3904 sed

219 3943 448 4027 paucis
505 3941 799 4006 versibus
851 3943 1024 4007 infra
1074 3944 1212 4030 (38)
1256 3944 1449 4008 metri
1512 3944 1902 4008 necessitate
1961 3943 2225 4008 coactus
2281 3941 2599 4025 pluralem

215 4051 520 4130 usurpat:
582 4045 821 4111 ‘Phthii
876 4046 1070 4111 busta
1124 4054 1395 4112 cruenta
1435 4045 1595 4127 viri',
1657 4047 1943 4128 itemque
1989 4045 2082 4110 ΙΙΙ
2133 4050 2316 4121 16,24
2360 4045 2600 4109 ‘sertis-

216 4170 344 4232 que
393 4150 807 4233 sepulchrum
855 4147 1130 4230 Ornabit
1184 4140 1402 4215 custos
1459 4151 1541 4215 ad
1589 4171 1735 4213 mea
1778 4148 1974 4213 busta
2020 4148 2287 4227 sedens’,
2331 4148 2370 4211 i.
2406 4147 2477 4211 V.
2517 4170 2600 4233 p.,

392 4324 444 4389 1)
482 4320 638 4376 Neue
673 4321 705 4374 Ι
744 4323 862 4375 613.
939 4320 1123 4375 Weise
1158 4321 1192 4374 l.
1232 4339 1279 4377 c.
1315 4341 1370 4391 p.
1408 4323 1531 4376 360.
1571 4323 1765 4376 225Δ.

387 4409 443 4476 2)
482 4407 594 4461 cfr.
631 4407 798 4477 Volp,
853 4408 921 4462 de
959 4426 1060 4460 usu
1110 4408 1252 4476 plur.
1292 4427 1438 4462 num.
1476 4407 1791 4478 Aeschyleo
1830 4411 1887 4461 et
1935 4405 2252 4476 Sophocleo
2300 4425 2356 4475 p.
2395 4408 2478 4475 57,
2515 4407 2599 4462 58.

209 4495 288 4551 K.
329 4493 503 4548 Witte
541 4495 574 4547 l.
612 4511 660 4547 c.
698 4513 750 4562 p.
789 4497 872 4548 47.
945 4493 1200 4547 Bednara
1234 4493 1268 4546 l.
1308 4511 1354 4546 c.
1393 4513 1444 4563 p.
1484 4495 1600 4548 542.
1674 4493 1900 4548 Norden
1940 4493 2008 4546 ad
2045 4492 2214 4562 Verg.
2252 4490 2339 4545 VI
2390 4511 2442 4561 p.
2486 4494 2599 4546 183.

2104 4596 2179 4651 3*
