3325 5359
1298 329 1683 389 -7—

303 521 448 565 cum
499 498 718 581 lingua
747 497 982 562 Latina
1015 518 1056 562 a
1083 502 1292 563 metro
1333 496 1594 563 heroico
1637 502 1875 563 natura
1919 495 2291 579 abhorreat,
2338 497 2678 583 permultis

301 602 884 688 pulcherrimisque
916 602 1160 682 formiS,
1193 601 1365 685 quod
1387 601 1601 667 versui
1633 622 1761 666 non
1788 607 1975 668 erant
2006 607 2219 688 aptae,
2248 604 2346 669 uti
2377 603 2678 688 nequisse

301 709 525 791 itaque
569 706 652 771 ad
697 706 844 772 illas
901 705 1146 771 formas
1190 727 1490 771 versuum
1536 706 1778 771 rationi
1823 706 2408 775 accommodandas
2455 729 2680 792 saepe·

303 831 570 876 numero
637 815 868 895 poetas
934 830 1053 894 pro
1121 810 1431 893 singulari
1489 809 1810 893 pluralem
1876 809 2261 903 exhibuisse.
2361 810 2682 876 Koenium

305 922 564 981 secutus
609 919 711 978 est
753 914 821 977 F.
861 913 926 978 C.
974 912 1386 997 Hultgren
1411 915 1478 997 ¹),
1525 913 1635 996 qui
1681 913 1780 978 vir
1824 914 2054 979 doctus
2098 914 2166 978 in
2210 914 2450 998 plurali
2496 936 2681 980 usur-

304 1020 521 1104 pando
579 1023 844 1102 praeter
895 1017 1089 1082 metri
1144 1016 1598 1081 necessitatem
1643 1017 1837 1082 etiam
1892 1018 2261 1102 praeceptis
2306 1018 2682 1103 euphonicis

303 1128 532 1207 poetas
567 1123 832 1187 Latinos
879 1122 1107 1186 ductos
1159 1141 1298 1186 esse
1342 1120 1657 1202 ostendit3
1701 1123 1857 1185 item
1891 1121 1963 1186 E.
2002 1121 2341 1206 Appe12)
2388 1122 2685 1187 similiter

309 1227 388 1291 de
433 1227 559 1290 hac
614 1225 882 1290 licentia
938 1224 1204 1289 iudicat.
1294 1223 1650 1289 Audiamus
1711 1224 1885 1290 hunc
1935 1225 2148 1308 ipsum
2203 1226 2291 1309 (p.
2336 1227 2474 1310 15):
2525 1222 2687 1308 ‘qua

308 1337 525 1395 autem
577 1351 647 1394 re
695 1333 928 1412 poetae
975 1328 1377 1412 dactylorum
1432 1329 1654 1412 inopia
1708 1329 2084 1394 laborantes
2130 1330 2339 1413 magis
2382 1334 2687 1413 poterant

307 1434 602 1500 adiuvari
647 1446 841 1516 quam
885 1433 1131 1497 neutris
1163 1431 1504 1516 pluraliter
1535 1434 1885 1516 usurpatis,
1932 1433 2167 1516 quibus
2202 1438 2316 1499 aut
2343 1433 2502 1517 ipsis
2534 1433 2681 1498 dac·

307 1538 478 1623 tylus
525 1537 965 1602 contineretur
994 1541 1127 1616 aut,
1173 1536 1228 1600 si
1270 1536 1338 1601 in
1381 1536 1762 1601 trochaeum
1808 1538 2077 1617 exirent,
2124 1538 2373 1621 optima
2415 1537 2685 1602 daretur

308 1641 549 1726 dactyli
594 1639 893 1722 explendi
938 1639 1294 1704 facultas‘?’
1339 1677 1426 1688 --
1470 1639 1542 1704 Ο.
1587 1640 1956 1725 Kellerss)
2011 1641 2079 1705 in
2116 1639 2685 1706 observationibus

307 1745 440 1810 suis
489 1742 927 1828 grammat-icis
973 1744 1324 1827 praecipue
1369 1743 1454 1809 ad
1492 1744 1560 1809 V.
1605 1744 1970 1810 hexametri
2010 1745 2245 1829 pedem
2288 1750 2561 1829 spectat,
2617 1744 2686 1808 in

307 1869 454 1932 quc,
519 1868 663 1932 cum
723 1867 942 1911 merus
1003 1846 1300 1932 dactylus
1358 1868 1498 1912 esse
1561 1847 1819 1926 debeat,
1881 1855 2113 1914 neutra
2177 1847 2291 1913 illa
2344 1847 2686 1932 pluraliter

307 1973 498 2017 sensu
529 1949 841 2033 singulari
871 1950 1249 2032 saepissime
1283 1951 1690 2016 exhibentur.
1737 1953 1968 2017 Totam
1998 1957 2216 2017 autem
2240 1953 2685 2036 quaestionem

305 2055 614 2119 tractavit
661 2059 860 2136 atque
906 2053 1287 2119 dilucidavit
1317 2076 1510 2138 quam
1559 2055 2077 2139 splendidissime
2107 2057 2175 2121 P.
2207 2053 2525 2141 Maas4)‚
2575 2055 2687 2139 qui

306 2159 404 2224 vir
432 2159 843 2223 doctissimus
875 2157 958 2222 ad
989 2158 1160 2222 hanc
1198 2159 1496 2242 pervenit
1526 2160 2035 2225 conclusionem:
2078 2160 2352 2244 pluralis
2393 2161 2687 2243 poeticus

308 2268 408 2328 est
451 2261 854 2342 statuendus,
903 2261 1012 2326 ubi
1058 2263 1410 2346 scriptores
1454 2263 1520 2326 in
1568 2263 1863 2328 oratione
1908 2264 2139 2344 solut-a,
2178 2263 2484 2328 nimirum
2513 2263 2581 2326 in
2611 2283 2690 2326 ea

308 2367 600 2432 oratione
658 2366 889 2444 soluta,
951 2387 1118 2448 quae
1167 2387 1206 2430 a
1251 2367 1431 2449 poesi
1475 2365 1760 2431 nondum
1817 2367 2061 2432 infecta
2120 2371 2236 2446 est,
2297 2364 2689 2449 singularem

306 2470 583 2554 posituri
627 2469 920 2550 fuerunt3
971 2490 1097 2552 quo
1141 2469 1378 2553 plurali
1411 2491 1726 2553 nusquam
1760 2471 1935 2536 v'ocis
1968 2471 2063 2536 vis
2093 2470 2426 2536 immutari
2454 2475 2688 2553 potest.

309 2574 544 2640 Omnes
588 2573 724 2638 fere
769 2573 892 2638 viri
942 2573 1117 2638 docti
1157 2574 1265 2656 qui
1326 2580 1555 2657 postea
1602 2573 1683 2638 de
1728 2573 1853 2639 hac
1898 2596 1968 2640 re
2012 2576 2414 2658 scripserunt
2459 2572 2692 2638 Maasii

312 2677 696 2742 sententiam
732 2677 797 2741 in
829 2678 1195 2742 universum
1223 2678 1827 2760 comprobaverunt,
1861 2699 2253 2761 quamquam
2276 2678 2344 2742 in
2367 2675 2690 2741 nonnullis

309 2764 506 2845 rebus
553 2778 638 2845 ab
677 2801 756 2844 ea
799 2779 1130 2844 recedunt.
1207 2780 1480 2846 Omnino
1514 2803 1656 2846 cum
1691 2782 1939 2846 Maasio
1986 2782 2147 2846 facit
2174 2782 2279 2846 Fr.
2315 2779 2691 2863 Slotty5)‚

308 2884 376 2946 in
432 2881 803 2946 definitione
863 2884 1187 2948 consentit
1246 2883 1320 2949 G.
1371 2884 1421 2947 L
1441 2905 1480 2948 a
1495 2906 1536 2948 n
1554 2885 1595 2948 d
1614 2907 1654 2966 g
1675 2906 1708 2948 r
1725 2906 1764 2948 a
1779 2884 1811 2948 f
1823 2885 1876 2970 6)
1934 2885 2219 2967 itemque
2282 2883 2341 2948 N
2359 2905 2396 2949 o
2412 2906 2447 2948 r
2464 2883 2505 2947 d
2522 2904 2555 2947 e
2572 2905 2614 2947 n
2637 2883 2691 2970 ⁷)

311 2991 376 3050 et
419 2985 492 3049 E.
535 2984 1012 3068 Bednarass).

482 3107 715 3172 Restat
745 3111 819 3172 ut
847 3107 1239 3171 mentionem
1270 3106 1586 3173 faciamus
1633 3108 1871 3173 tertiae
1902 3108 2260 3174 sententiae
2306 3128 2474 3190 quae
2505 3108 2693 3190 quasi

310 3210 590 3276 medium
639 3215 818 3276 tenet
861 3210 1032 3275 inter
1074 3211 1360 3293 priorem
1404 3218 1469 3277 et
1512 3213 1805 3277 alteram.
1882 3213 2062 3292 Quae
2108 3211 2429 3276 sententia
2466 3211 2692 3294 paucis

309 3314 522 3380 verbis
571 3314 664 3379 sic
710 3315 982 3397 exprimi
1039 3320 1289 3397 potest:
1349 3322 1582 3398 poetae
1624 3337 2020 3400 quamquam
2078 3316 2299 3380 multis
2340 3315 2500 3379 locis
2546 3336 2691 3379 cum

311 3417 798 3501 significationis
861 3417 1140 3500 quodam
1204 3419 1599 3499 discrimine,
1658 3425 1880 3484 tamen
1939 3424 2005 3484 et
2068 3419 2430 3503 euphoniae
2493 3438 2693 3483 causa

311 3526 380 3586 et
441 3522 633 3585 metri
703 3521 1090 3586 necessitate
1160 3522 1370 3587 coacti
1429 3522 1670 3606 plurali
1733 3545 1878 3588 cum
1936 3523 2051 3588 illa
2116 3523 2373 3606 poetica
2431 3521 2694 3587 licentia

489 3763 540 3830 1)
575 3761 684 3816 Die
719 3761 970 3818 Technik
1017 3765 1118 3820 der
1162 3775 1298 3820 rom.
1345 3765 1568 3835 Epiker‚
1616 3764 1890 3820 Fleckeis.
1943 3765 2140 3821 Jahrb.
2180 3767 2313 3820 1873
2365 3783 2420 3834 p.
2457 3765 2557 3818 745
2572 3781 2690 3833 sqq.

481 3850 532 3913 2)
570 3847 659 3902 De
696 3866 901 3920 genere
938 3856 1136 3906 neutro
1173 3853 1488 3906 intereunte
1523 3852 1581 3904 in
1614 3852 1748 3921 ling.
1784 3852 1895 3920 lat„
1938 3851 2163 3922 Erlang.
2202 3854 2351 3906 1883.

483 3937 538 4004 3)
577 3936 880 3990 Grammat.
917 3935 1203 4006 Aufsatze‚
1238 3937 1392 4007 Lips
1435 3938 1568 3992 1895
1605 3956 1660 4006 p.
1701 3940 1989 3992 189—218.

480 4024 534 4090 4)
573 4022 747 4076 Arch.
783 4021 906 4076 XII
941 4026 1233 4078 479—550.

482 4110 538 4175 5)
575 4107 666 4162 De
700 4126 929 4163 numero
967 4110 1196 4178 pluralis
1233 4127 1335 4164 usu
1372 4109 1701 4178 CatullianO,
1740 4109 1910 4164 Ienae
1949 4111 2099 4164 1905.

272 3843 403 3876 -j

483 4195 537 4260 6)
577 4193 767 4248 ALG
801 4194 948 4248 XIV
984 4197 1050 4248 63
1067 4213 1184 4263 sqq.
1222 4195 1650 4264 Bemerkungen
1703 4214 1827 4249 zum
1874 4213 1992 4264 sog.
2029 4199 2179 4264 poet.
2217 4195 2367 4250 Plur.
2417 4197 2475 4249 in
2512 4197 2563 4249 d.
2598 4196 2693 4250 lat.

313 4280 498 4332 Prosa.
578 4279 688 4332 Gfr.
727 4280 796 4334 de
831 4281 992 4333 huius
1027 4281 1165 4333 falsa
1199 4282 1474 4334 sententia
1509 4281 1695 4352 Slotty
1731 4301 1784 4352 p.
1822 4285 2042 4336 36—37.

483 4367 534 4427 7)
570 4365 640 4418 In
677 4364 888 4433 Vergil.
925 4365 1011 4419 VI
1051 4366 1206 4420 Com.
1244 4385 1300 4435 p.
1339 4369 1457 4422 399.

483 4453 538 4520 8)
576 4451 749 4506 Arch.
787 4449 932 4507 XIV
969 4453 1073 4506 532
1085 4469 1204 4520 sqq.
1241 4452 1312 4508 de
1349 4469 1601 4509 sermone
1642 4453 1900 4524 dactylic.
1935 4453 2121 4508 Latin.
2157 4454 2524 4523 quaestiones.
