3325 5359
1289 355 1678 415 ..5.-

289 544 484 608 saepe
545 522 824 588 artificia
886 523 1348 608 pervenissent.
1454 525 1689 605 Quare,
1757 545 1903 590 cum
1961 524 2218 591 illorum
2282 526 2670 594 testimoniis

289 626 536 712 aliquid
567 627 982 693 auctoritatis
1020 627 1438 694 tribuendum
1469 649 1612 694 esse
1642 649 1961 708 censeam,
2000 650 2216 714 pauca
2246 629 2327 697 de
2358 631 2451 698 eis
2480 651 2671 716 prae-

290 735 641 799 mittamus.
732 733 948 815 Atque
990 731 1200 816 primo
1244 733 1387 798 loco
1427 731 1697 816 Vergilii
1740 738 2210 798 commentator
2260 733 2418 799 mihi
2467 735 2672 801 nomi-

290 837 544 903 nandus
589 841 708 914 est,
772 835 1066 901 Servium
1117 834 1284 917 dico,
1345 836 1456 919 qui
1501 837 1762 921 saepius
1818 835 2135 921 pluralem
2190 857 2312 923 pro
2358 837 2673 921 singulari

287 943 571 1028 positum
603 940 847 1006 diserte
877 939 1200 1024 exposuit.
1267 939 1402 1005 Ecl.
1429 940 1482 1006 V
1512 945 1593 1006 36
1629 939 1715 1005 ad
1743 939 1947 1006 verba
1965 938 2273 1025 ‘grandia
2304 990 2319 1006 .
2351 992 2365 1007 .
2395 942 2669 1008 hordea’

291 1044 680 1130 explicanda
751 1042 1026 1109 adnotat
1076 1040 1383 1127 ‘grandia
1458 1042 1712 1109 hordea
1772 1045 2149 1128 usurpative
2213 1046 2405 1111 metri
2474 1066 2675 1111 causa

292 1150 490 1215 dixit:
535 1169 687 1214 nam
720 1146 1041 1212 ‘triticum
1066 1146 1381 1213 hordeum
1413 1147 1629 1212 vinum
1661 1146 1818 1212 mel’
1863 1149 2116 1213 numeri
2160 1154 2413 1215 tantum
2456 1150 2674 1238 siugu-

289 1253 450 1320 laris
507 1257 677 1330 sunt,
735 1249 908 1316 unde
965 1250 1204 1334 plurali
1262 1251 1330 1314 in
1372 1270 1572 1334 prosa
1615 1250 1714 1316 uti
1768 1270 1898 1315 non
1952 1252 2341 1334 possumus’.
2431 1253 2531 1318 Ad
2576 1273 2673 1337 ge.

293 1359 323 1424 1
354 1354 740 1423 IOO‘umida
763 1352 1042 1419 solstitia
1064 1357 1262 1437 atque
1293 1352 1539 1419 hiemes
1567 1359 1753 1418 orate
1784 1360 2077 1419 serenas'
2103 1355 2359 1439 profert
2382 1354 2673 1422 Servius:

283 1461 534 1526 ‘tamen
578 1459 635 1524 si
679 1458 1020 1541 diligenter
1082 1455 1524 1537 attendamus,
1583 1459 1843 1542 poetica
1902 1458 2167 1523 licentia
2223 1463 2324 1524 est
2384 1480 2541 1525 usus
2600 1466 2677 1526 ut

294 1562 616 1650 pluralem
659 1581 996 1627 numerum
1055 1580 1176 1645 pro
1233 1559 1548 1644 singulari
1604 1565 1909 1646 poneret:
1967 1582 2118 1627 nam
2164 1559 2501 1628 ‘solstitia’
2553 1583 2672 1647 pro

295 1667 574 1734 solstitio
630 1671 697 1730 et
745 1663 1045 1730 ‘hiemes’
1107 1685 1228 1749 pro
1291 1664 1505 1730 hieme
1571 1665 1837 1749 posuit’.
1940 1664 2055 1732 Ge.
2098 1665 2161 1732 11
2226 1670 2262 1730 7
2327 1665 2414 1731 ad
2471 1665 2675 1732 verba'
2722 1727 2729 1732 .

285 1770 527 1836 ‘musto
603 1774 800 1834 novo'
861 1766 1279 1852 explicanda:
1334 1765 1649 1834 ‘mustum
1706 1789 1975 1834 numero
2033 1772 2288 1834 tantum
2361 1769 2675 1853 singulari

293 1874 586 1952 dicimus,
633 1872 803 1939 sicut
846 1871 1082 1937 vinum.
1141 1870 1296 1936 licet
1341 1870 1608 1936 Ovidius
1653 1869 1921 1938 abusive
1967 1871 2224 1937 dixerat
2267 1877 2501 1938 musta.
2560 1873 2675 1939 sed

292 1979 418 2044 hoc
454 1977 565 2043 ille
607 1975 754 2061 plus
810 1975 968 2041 fecit
1012 1974 1187 2058 quod
1231 1979 1297 2040 et
1339 1975 1570 2040 mustis
1615 1974 1799 2054 dixit,
1859 1995 2002 2042 cum
2040 2024 2054 2038 .
2083 2029 2098 2044 .
2130 1975 2211 2041 de
2254 1975 2359 2041 his
2400 1976 2674 2042 nomini·

292 2081 416 2148 bus
459 2088 595 2147 tres
640 2101 830 2144 casus
875 2082 1129 2143 tantum
1173 2078 1478 2163 usurpari
1521 2079 2027 2144 consueverint’.
2116 2079 2411 2164 Denique
2442 2079 2526 2145 ad
2558 2081 2672 2146 Ae.

301 2186 396 2251 XI
439 2191 562 2252 659
612 2183 920 2267 legimus:
968 2179 1265 2248 ‘flumina
1294 2181 1817 2248 Thermodontis’
1865 2181 2161 2249 ‘flumina
2202 2203 2322 2268 pro
2364 2183 2677 2250 flumine'.

295 2290 529 2355 Restat
591 2292 668 2353 ut
726 2286 808 2352 de
868 2285 1146 2352 Charisii
1200 2291 1267 2350 et
1325 2285 1641 2351 Prisciani
1703 2287 2277 2368 grammaticorum
2339 2288 2678 2354 sententiis

303 2411 762 2460 commoneam.
851 2389 1098 2456 Charis,
1133 2389 1164 2454 Ι
1201 2411 1263 2474 p.
1290 2393 1391 2468 34,
1423 2394 1506 2456 28
1551 2389 1713 2456 dicit
1744 2387 1928 2455 ‘item
1959 2389 2125 2455 haec
2161 2411 2419 2476 semper
2456 2391 2680 2475 ‚singu-

294 2498 464 2564 laria
520 2502 673 2562 sunt
729 2493 858 2560 mel
911 2493 1081 2580 μέλις
1161 2494 1454 2577 quamvis
1495 2493 1822 2578 Vergilius
1876 2493 2071 2559 mella
2127 2492 2399 2560 dixerit:
2466 2494 2680 2561 oleum

297 2605 542 2683 ἔλαιον,
603 2599 820 2665 vinum
867 2595 1079 2680 οἶνον,
1134 2597 1429 2681 quamvis
1471 2597 1799 2681 Vergilius
1842 2597 1993 2662 vina
2035 2597 2292 2663 dixerit.
2341 2602 2407 2663 et
2450 2598 2505 2663 si
2550 2619 2681 2682 qua

295 2703 692 2773 nominativo
721 2700 1067 2787 pluraliter
1098 2700 1474 2782 efferuntur,
1507 2702 1743 2767 ceteris
1773 2706 1993 2767 tamen
2024 2700 2285 2766 casibus
2316 2700 2679 2767 cessabant.

306 2815 372 2876 et
418 2808 474 2874 si
514 2804 858 2892 pluraliter
902 2804 1228 2870 declinata
1264 2804 1525 2885 fuerint,
1582 2825 1738 2870 non
1782 2803 1878 2870 ad
1925 2805 2521 2888 quantitatem,
2564 2804 2682 2870 sed

301 2913 386 2979 ad
430 2931 632 2994 genus
676 2907 1096 2974 referuntur’.
1182 2907 1282 2971 De
1319 2907 1563 2973 eisdem
1591 2906 1929 2973 vocabulis
1972 2913 2194 2972 monet
2222 2907 2595 2973 Priscianus
2622 2909 2681 2972 V

298 3041 358 3104 p.
396 3019 537 3094 175,
585 3017 699 3079 16:
734 3008 960 3076 ‘mella
996 3009 1324 3076 frumenta
1354 3009 1555 3075 ordea
1586 3009 1769 3074 farra
1813 3009 2049 3094 plurali
2094 3017 2364 3075 numero
2408 3011 2682 3094 protulit

298 3117 642 3204 Vergilius,
686 3136 834 3182 cum
873 3114 942 3179 in
984 3135 1105 3180 usu
1137 3113 1577 3198 frequentiore
1622 3113 1971 3196 singularis
1999 3115 2253 3180 numeri
2296 3121 2467 3193 sunt,
2513 3115 2683 3180 sicut

299 3225 431 3292 alia
461 3241 720 3308 quoque
751 3219 1032 3304 plurima
1057 3216 1443 3300 ut‘sanguis
1471 3216 1684 3302 pulvis
1713 3217 1891 3302 pax',
1936 3238 2147 3301 quae
2190 3223 2219 3282 t
2238 3239 2356 3284 am
2398 3218 2680 3301 singu-

298 3328 609 3396 lariter
640 3344 863 3408 quam
897 3323 1374 3407 pluraliter
1416 3321 1757 3407 prolata
1799 3322 2016 3389 idem
2050 3328 2412 3407 possunt
2441 3322 2680 3405 signi·

299 3429 621 3498 ficare’.
711 3428 798 3493 Et
839 3448 901 3510 p.
948 3430 1090 3505 176,
1136 3432 1174 3493 6
1220 3425 1302 3491 de
1342 3425 1671 3492 nonnullis
1721 3424 2090 3492 nominibus
2143 3447 2312 3510 quae
2368 3425 2682 3511 pleraque

301 3555 556 3619 semper
618 3529 976 3614 singularia
1029 3529 1462 3608 inveniuntur,
1522 3529 1713 3595 dicit:
1761 3526 1957 3595 ‘adeo
2018 3534 2234 3595 autem
2290 3530 2455 3595 haec
2509 3549 2681 3608 usus,

301 3660 430 3705 non
460 3635 689 3719 regula
716 3632 1024 3719 prohibet
1053 3634 1249 3698 etiam
1296 3631 1580 3718 pluralia
1608 3632 1873 3713 habere,
1917 3633 2093 3717 quod
2124 3633 2384 3717 quidem
2413 3631 2684 3717 propria

305 3741 530 3808 confisi
554 3737 948 3804 auctoritate
978 3736 1217 3820 plurali
1240 3756 1498 3820 quoque
1522 3786 1537 3801 .
1562 3786 1577 3801 .
1598 3735 2016 3821 protulerunt
2044 3757 2314 3802 numero
2324 3737 2358 3802 ’.
2407 3735 2682 3820 Saepius

302 3851 520 3912 autem
555 3842 621 3907 in
653 3840 906 3906 artibus
938 3839 1380 3923 grammaticis
1409 3838 1686 3923 legimus
1706 3864 1721 3906 ε
1742 3839 2007 3925 ‘poetae
2027 3840 2153 3906 hoc
2174 3840 2430 3906 nomine
2460 3839 2682 3924 plura-

300 3951 452 4017 liter
481 3951 756 4013 utuntur
783 3981 870 3992 —
900 3943 966 4008 in
996 3963 1192 4027 prosa
1225 3943 1520 4009 oratione
1565 3943 1915 4027 singularis
1961 3949 2218 4010 tantum
2265 3942 2492 4009 obvius
2537 3941 2681 4008 est'.

476 4053 654 4133 Quae
689 4053 979 4113 veterum
1025 4045 1399 4112 testimonia
1443 4067 1588 4111 cum
1617 4046 1741 4111 viri
1785 4046 1962 4112 docti
1989 4047 2092 4111 vel
2134 4045 2553 4129 neglegerent
2582 4047 2684 4112 vel

302 4157 808 4230 contemnerent,
851 4149 936 4216 ad
962 4148 1426 4234 explicationes
1456 4154 1592 4215 tam
1625 4149 1945 4215 absurdas
1975 4149 2389 4216 devenerunt.
2437 4151 2684 4235 Agmen

305 4281 526 4328 eorum
574 4256 686 4341 qui
729 4253 970 4340 plurali
1014 4273 1133 4337 pro
1179 4251 1492 4335 singulari
1546 4253 1761 4336 posito
1814 4252 2303 4336 significationis
2354 4254 2683 4338 quoddam

249 4359 256 4368 ’
304 4364 649 4430 discrimen
685 4362 1074 4442 supponunt,
1116 4354 1180 4420 G.
1204 4353 1278 4420 G.
1301 4357 1343 4422 J
1357 4377 1398 4422 a
1415 4376 1450 4421 c
1467 4376 1506 4420 o
1523 4355 1565 4421 b
1589 4357 1638 4441 1)
1686 4345 1907 4438 ducit}
1942 4355 2051 4440 qui
2085 4355 2323 4440 plurali
2353 4359 2682 4424 nominum
2748 4429 2757 4436 ,

480 4518 532 4587 1)
568 4513 659 4571 De
696 4530 801 4569 usu
835 4510 1052 4568 numeri
1085 4509 1316 4582 pluralis
1351 4509 1501 4582 apud
1533 4513 1728 4582 poetas
1760 4509 1888 4568 Lat.
1954 4508 2304 4582 Naumburgi
2338 4512 2489 4567 1841.

2832 3856 2994 3920 flii&
3036 3878 3068 3902 »ι
3122 3889 3139 3899 ,-
