3325 5359
1159 342 1635 404 -135-

204 535 360 578 num
419 511 1010 598 monosyllaborum
1071 512 1274 577 multo
1339 513 1569 578 melius
1642 511 1885 578 cadunt
1956 534 2150 597 quam
2217 512 2583 598 singularis.

204 616 445 683 Forma
486 617 627 682 ‘tus’
676 614 887 682 tribus
927 615 1092 683 locis
1139 616 1396 683 obviam
1440 617 1546 682 fit:
1606 617 1765 683 Hor.
1813 615 1998 702 epist.
2042 617 2072 683 1
2127 623 2223 696 14,
2269 622 2369 685 23.
2417 619 2479 684 II
2529 624 2584 699 1,

205 726 351 788 269.
399 720 581 786 Ovid.
625 741 781 786 rem.
829 727 929 787 85.

379 859 588 924 vada
612 860 676 943 ι).
754 858 940 938 Quod
986 880 1220 924 nomen
1251 860 1335 924 ad
1375 880 1553 924 mare
1597 859 2036 925 denotandum
2069 880 2108 924 a
2136 862 2349 944 poetis
2379 882 2586 944 usque

206 964 291 1027 ad
341 962 636 1029 Ovidium
689 1002 773 1011 —
815 963 925 1047 qui
969 964 1256 1028 inclusus
1303 970 1402 1028 est
1443 1000 1533 1011 —
1574 984 1703 1028 non
1750 964 1874 1028 nisi
1917 963 2260 1048 pluraliter
2303 965 2584 1047 ponitur.

205 1067 610 1131 Posteriores
656 1065 915 1131 demum
960 1066 1355 1149 singularem
1403 1066 1679 1132 ‘vadum'
1726 1066 2005 1132 efferunt
2048 1066 2132 1132 ad
2179 1088 2358 1132 mare
2393 1068 2587 1150 signi-

203 1169 552 1235 ficandum.
642 1169 1034 1235 Catullus
1093 1170 1217 1237 hoc
1278 1191 1469 1235 sensu
1538 1176 1639 1235 ter
1694 1171 1865 1235 hanc
1925 1190 2145 1235 vocem
2215 1172 2587 1255 usurpavit:

208 1280 311 1353 64,
362 1280 417 1340 6.
466 1280 565 1340 58.
617 1278 717 1353 63,
749 1279 830 1339 47
877 1272 993 1338 ubi
1023 1273 1103 1338 de
1133 1294 1262 1338 uno
1295 1275 1459 1339 mari
1490 1273 1904 1357 cogitandum
1939 1280 2054 1341 est.
2145 1274 2586 1357 Vergilius

203 1377 447 1462 plurali
508 1378 719 1443 utitur
773 1377 889 1442 ubi
948 1376 1027 1442 de
1084 1376 1525 1461 compluribus
1572 1378 1862 1443 maribus
1903 1378 2119 1461 agitur
2165 1377 2219 1442 V
2271 1384 2392 1444 158
2438 1368 2588 1443 ‘sul-

208 1487 362 1547 cant
391 1481 560 1546 vada
593 1482 767 1547 salsa
798 1481 1039 1546 carina’
1086 1487 1151 1545 et
1195 1486 1319 1546 615
1368 1488 1485 1547 ‘tot
1528 1480 1735 1560 vada’,
1779 1482 1936 1547 item
1984 1482 2101 1547 VII
2141 1487 2280 1548 198.
2327 1480 2416 1545 IX
2461 1486 2586 1547 670

208 1588 296 1650 ‘in
339 1586 543 1651 vada'.
609 1585 706 1650 De
750 1605 877 1649 uno
918 1586 1082 1649 mari
1120 1586 1230 1650 Ae.
1263 1586 1415 1650 VIII
1457 1592 1532 1652 91
1582 1585 1846 1650 ‘labitur
1889 1592 2088 1650 uncta
2130 1585 2586 1670 vadisvabies’.

209 1690 559 1755 Ovidius
617 1688 765 1753 fast.
812 1688 842 1753 1
887 1694 1014 1754 458
1057 1688 1605 1775 ‘patriisvexserit
1668 1709 1785 1755 ora
1833 1687 2053 1754 vadis’.
2125 1688 2224 1753 Ex
2267 1688 2451 1752 Pont.
2497 1688 2582 1753 IV

208 1800 269 1873 9,
316 1799 352 1858 2
400 1793 504 1857 ‘ab
549 1792 819 1857 Euxinis
866 1792 1044 1876 (ante
1089 1794 1255 1877 voc.)
1302 1842 1315 1856 .
1349 1842 1362 1856 .
1408 1792 1629 1857 vadis'.
2561 1818 2566 1821 ·

382 1936 722 2014 vagitus
743 1929 815 2015 3).
891 1929 1170 1996 Pluralis
1217 1931 1492 2014 primum
1539 1952 1579 1995 a
1623 1931 2024 1996 Lucretio
2069 1930 2354 2013 ponitur,
2401 1931 2588 1995 nimi-

209 2058 353 2099 rum
404 2034 530 2099 abl.
577 2034 639 2099 11
685 2040 807 2100 579
856 2034 1111 2100 ‘mixtos
1144 2035 1466 2118 vagitibus
1515 2036 1729 2118 aegris
1773 2032 2116 2100 Ploratus'.
2191 2034 2438 2099 Deinde
2483 2054 2588 2099 ex-

210 2145 344 2203 stat
386 2139 561 2223 apud
607 2136 988 2207 Ovidium
1038 2144 1103 2203 et
1147 2139 1304 2222 sing.
1352 2145 1418 2203 et
1461 2138 1659 2223 plur.:
1706 2139 1909 2224 Epist.
1943 2138 2035 2203 XI
2068 2144 2139 2202 71
2195 2143 2467 2220 ‘vaginis
2503 2138 2590 2203 ad

214 2264 405 2307 aures
455 2242 685 2322 Venit’‚
744 2240 858 2307 sed
905 2248 985 2309 85
1034 2241 1259 2307 eodem
1306 2263 1497 2307 sensu
1538 2242 1705 2327 plur.
1752 2247 2024 2325 ‘vagitus
2079 2240 2260 2307 dedit
2318 2240 2465 2321 ille’,
2524 2247 2591 2307 et

209 2353 359 2411 met.
410 2345 526 2410 XV
578 2350 702 2411 466
748 2350 884 2411 ‘aut
926 2346 1038 2430 qui
1082 2346 1338 2429 vagitus
1380 2345 1657 2411 similes’.

384 2483 801 2567 vellera2).
872 2483 1079 2549 Varro
1124 2484 1164 2549 l.
1213 2484 1253 2548 l.
1300 2484 1355 2549 V
1406 2489 1529 2551 130
1571 2484 1790 2549 vellus,
1838 2485 1911 2549 R.
1953 2506 2003 2553 r.
2048 2485 2109 2550 ΙΙ
2159 2489 2257 2565 11,
2289 2491 2328 2551 9
2375 2486 2592 2569 ‘quam

213 2588 485 2673 (lanam)
531 2587 860 2672 demptam
922 2609 1021 2661 ac,
1046 2587 1502 2671 conglobatam
1554 2588 1664 2653 alii
1712 2588 1951 2655 vellera
1997 2588 2108 2652 alii
2151 2588 2473 2656 velamina
2503 2591 2590 2675 (‘?)

212 2691 585 2777 appellant'.
675 2690 969 2757 Catullus
1025 2691 1347 2775 pluralem
1407 2691 1596 2757 effert
1652 2693 1919 2777 proprio
1966 2712 2158 2757 sensu
2203 2697 2305 2771 64,
2355 2698 2478 2759 319
2525 2699 2592 2758 et

214 2801 360 2861 330.
436 2794 717 2859 Pluralis
758 2815 879 2879 pro
926 2795 1239 2878 singulari
1286 2801 1642 2879 usurpatur
1690 2794 1772 2861 ab
1820 2795 2116 2861 Ovidio
2162 2796 2349 2880 epist.
2383 2796 2471 2861 VI
2513 2802 2590 2862 14

212 2900 295 2964 de
347 2897 587 2964 vellere
635 2919 834 2964 aureo
880 2897 1139 2963 ‘vellera
1182 2898 1398 2979 fulva’,
1444 2901 1483 2963 i.
1517 2900 1589 2964 V.
1620 2922 1684 2984 p.
1763 2900 1858 2963 De
1903 2899 2129 2965 eadem
2161 2921 2231 2964 re
2263 2901 2593 2965 antecedit

216 3004 298 3088 (v.
346 3005 411 3088 2)
462 3007 753 3067 ‘auratae
797 3001 1031 3067 vellere
1078 3052 1139 3067 ..
1184 3002 1359 3071 ovis'.
1416 3003 1509 3067 IX
1559 3008 1679 3067 112
1727 3003 1948 3068 ‘leonis
1996 3005 2245 3089 Aspera
2287 3010 2592 3069 texerunt

212 3107 493 3172 vellera’.
554 3105 680 3171 XII
715 3111 835 3172 108
881 3112 1069 3189 ‘quae
1120 3127 1405 3191 raperes,
1452 3105 1694 3171 vellera
1738 3111 1884 3171 tuta
1926 3105 2113 3187 dedi’‚
2156 3108 2313 3173 item
2360 3107 2442 3173 de
2488 3107 2592 3172 ovi

214 3216 487 3292 aurata3
554 3210 778 3276 eodem
840 3230 1033 3275 sensu
1091 3215 1216 3277 200
1277 3209 1531 3275 ‘vellus’
1594 3211 1774 3293 (ante
1833 3210 2013 3297 voa).
2103 3211 2185 3275 A.⁴
2223 3232 2280 3275 a.
2323 3212 2418 3276 III
2465 3216 2588 3277 336

213 3313 475 3379 ‘vellera
518 3334 865 3398 germanae
911 3365 967 3378 ..
1010 3314 1341 3397 querenda
1384 3314 1576 3395 tuae’,
1623 3320 1690 3379 et
1737 3314 1888 3379 Met.
1922 3313 2041 3380 VII
2075 3320 2110 3379 7
2158 3314 2590 3397 ‘Phrixeaque

214 3416 457 3483 vellera
500 3419 815 3503 poscunt’.
881 3418 968 3483 VI
1016 3423 1140 3484 593
1182 3417 1392 3483 ‘lateri
1437 3418 1698 3483 cervina
1741 3419 2003 3483 sinistro
2055 3418 2310 3483 Vellera
2355 3416 2592 3502 depen-

212 3521 422 3602 dent'3
470 3522 549 3587 de
593 3521 877 3587 Procnes
912 3523 1295 3587 vestimento
1329 3543 1457 3605 quo
1491 3528 1682 3587 nocte
1711 3522 1970 3588 Baccho
2004 3521 2336 3587 celebrata
2364 3520 2594 3587 induta

212 3630 332 3690 est.
399 3624 571 3690 Fast.
619 3626 680 3690 II
728 3630 849 3711 339
912 3624 1193 3691 ‘hirsuta
1236 3627 1442 3691 leonis
1487 3626 1794 3707 Vellera’‚
1859 3626 1938 3691 de
1998 3646 2126 3691 uno
2187 3624 2427 3691 vellere
2486 3626 2593 3708 agi

213 3729 428 3794 elucet
473 3749 508 3793 e
553 3751 609 3793 v,
658 3734 800 3795 325.
848 3728 943 3793 III
986 3735 1109 3797 852
1158 3729 1497 3795 ‘Phrixeae
1542 3729 1784 3794 vellera
1826 3721 2066 3813 pressit
2110 3730 2284 3794 ovis’.

389 3867 591 3931 viae.
684 3867 863 3932 Ovid.
912 3870 1095 3951 epist.
1129 3868 1344 3934 XVIII
1378 3874 1455 3935 52
1506 3875 1597 3945 ‘ut
1641 3868 1762 3933 tibi
1795 3866 1906 3932 det
1943 3868 2400 3953 ,facilesvutilis
2432 3888 2596 3933 aura

212 3970 389 4051 vias',
436 3992 558 4054 pps
604 3971 687 4035 ad
736 3972 1069 4036 elisionem
1113 3971 1519 4053 evitandam3
1573 3970 1652 4035 de
1697 3972 1862 4036 mari
1911 3972 2208 4055 quaestio
2257 3977 2372 4051 est,
2421 3971 2594 4056 quod

211 4074 514 4139 Leandro
563 4080 636 4139 ut
679 4075 763 4139 ad
808 4081 1093 4139 amatam
1139 4077 1495 4160 perveniat,
1544 4074 2013 4140 transnandum
2059 4081 2177 4140 est.

389 4319 441 4385 1)
485 4316 642 4370 Maas
677 4317 780 4370 525
793 4334 845 4371 n.
918 4316 1102 4387 Slotty
1141 4320 1221 4373 16.
1293 4318 1550 4372 Bednara
1584 4319 1705 4372 551.

384 4404 440 4471 2)
479 4401 666 4471 Slotty
705 4404 786 4458 10.
855 4402 1045 4472 Appel
1080 4405 1162 4457 23.
1234 4403 1493 4459 Bednara
1525 4404 1643 4461 561.

388 4490 441 4558 3)
478 4486 637 4543 Neue
672 4486 707 4541 I
742 4490 859 4543 648.
