3325 5359
1713 340 2145 403 —16—

741 510 916 577 lares
973 510 1273 578 variandi
1337 531 1554 577 causa.
1661 511 1965 595 Denique
2008 517 2243 595 poetae
2287 516 2457 577 hanc
2510 531 2923 577 numerorum
2971 532 3118 596 per-

735 616 1160 681 mutationem
1206 614 1334 681 sibi
1381 614 1787 699 permittunt,
1844 620 1921 681 ut
1963 614 2310 681 dictionem
2371 636 2410 680 a
2455 635 2750 681 sermone
2804 616 3117 681 orationis

729 718 1052 801 pedestris
1097 718 1520 802 distinguant.
1612 718 1771 785 Cum
1818 719 1903 784 ad
1948 720 2166 784 omnia
2222 718 2337 783 illa
2396 717 2722 785 fulcienda
2778 718 2845 782 in
2903 718 3117 784 indice

731 842 847 887 suo
892 822 1034 887 loco
1083 823 1380 907 exempla
1422 823 1684 907 prolata
1728 824 1891 903 sint,
1950 822 2057 887 hic
2102 844 2181 889 ea
2226 842 2630 906 supervacua
2674 842 2816 887 esse
2864 842 3114 887 censeo,

900 926 936 1010 ἓ
985 933 1040 992 5.
1149 927 1558 1009 Quamquam
1625 926 1923 992 omnibus
1990 927 2333 992 momentis
2407 947 2607 1010 supra
2674 925 2893 991 allatis
2966 947 3113 1009 per-

725 1049 1032 1112 magnam
1087 1029 1216 1095 vim
1277 1030 1488 1095 inesse
1548 1050 1776 1095 omnes
1844 1030 1965 1096 viri
2041 1028 2218 1095 docti
2284 1030 2677 1110 concedunt,
2749 1034 2971 1094 tamen
3034 1029 3115 1094 iis

728 1133 890 1198 nihil
935 1132 1114 1198 aliud
1158 1133 1225 1197 in
1267 1133 1382 1199 illa
1426 1154 1842 1199 numerorum
1885 1133 2365 1217 permutatione
2410 1131 2900 1199 attribuendum
2956 1132 3116 1197 mihi

735 1235 995 1302 videtur
1023 1257 1164 1301 esse
1193 1237 1317 1302 nisi
1349 1237 1524 1321 quod
1554 1237 1726 1303 hanc
1767 1238 2092 1303 licentiam
2126 1236 2481 1303 effecerunt
2511 1274 2593 1286 —-
2630 1238 2820 1321 qnasi
2850 1256 3115 1301 causam

734 1338 1144 1406 efficientem.
1232 1340 1496 1406 Minime
1554 1349 1773 1406 autem
1820 1340 1903 1405 ad
1949 1340 2143 1407 huius
2187 1341 2283 1406 rei
2327 1361 2590 1406 causam
2634 1341 2957 1405 internam
3003 1360 3113 1405 ex-

728 1442 1100 1527 plicandam
1147 1449 1346 1528 atque
1386 1444 1870 1510 dilucidandam
1904 1449 2232 1510 momenta
2269 1444 2385 1509 illa
2430 1444 2729 1511 sufficere
2757 1464 3109 1509 censemus,

727 1545 893 1611 Nam
938 1547 1246 1614 violentia
1304 1554 1501 1632 atque
1564 1548 1660 1614 vis
1715 1549 1904 1613 nimis
1962 1553 2063 1615 est
2105 1569 2369 1632 magna,
2428 1549 2484 1613 si
2527 1554 2761 1632 poetae
2812 1568 2939 1611 non
2986 1548 3113 1612 nisi

730 1656 937 1716 metro
977 1652 1018 1716 i.
1053 1672 1108 1717 e.
1141 1652 1354 1717 causis
1400 1672 1576 1717 mere
1609 1652 1993 1717 formalibus
2025 1652 2234 1718 coacti
2266 1652 2509 1717 formas
2540 1652 2869 1717 inauditas
2914 1656 3111 1715 antea

728 1774 808 1819 ac
863 1756 1058 1839 plane
1115 1776 1315 1821 novas
1376 1755 1503 1821 sibi
1559 1756 1965 1840 permittunt.
2065 1755 2189 1820 Illa
2244 1756 2435 1820 metri
2478 1755 2867 1820 necessitate
2912 1776 3109 1839 quam

724 1878 964 1941 negare
1019 1879 1147 1923 non
1203 1871 1579 1943 possumus,
1643 1860 1943 1943 quaestio
2003 1859 2097 1924 sic
2154 1864 2479 1939 mutatur,
2544 1863 2620 1925 ut
2678 1859 2957 1942 primum
3008 1859 3106 1923 in-

726 1962 1060 2044 quiramus
1128 1984 1256 2046 quo
1311 1962 1504 2028 modo
1571 1962 1818 2028 factum
1884 1964 1971 2027 sit
2028 1968 2105 2027 ut
2160 1962 2373 2046 poetis
2431 1962 2663 2027 cedere
2722 1962 2951 2027 liceret
3010 1962 3108 2027 illi

726 2066 1132 2146 necessitati,
1209 2087 1339 2149 quo
1400 2067 1544 2131 iure
1604 2066 1802 2132 talem
1870 2088 2060 2131 usum
2114 2065 2239 2131 sibi
2299 2066 2677 2149 permittere
2756 2066 3109 2149 potuerint.

722 2169 927 2246 Quam
990 2171 1436 2253 quaestionem
1499 2170 1967 2250 difficillimam,
2032 2189 2199 2253 quae
2256 2169 2342 2235 ad
2400 2169 2774 2235 interiorem
2842 2169 3107 2251 linguae

720 2272 1316 2357 vocabulorumque
1375 2275 1659 2357 pertinet
1720 2279 2055 2353 naturam,
2145 2274 2239 2338 sic
2304 2273 2465 2338 solvi
2524 2293 2717 2357 posse
2784 2272 3110 2337 arbitror:

721 2382 955 2459 poetae
1012 2377 1289 2443 Romani
1345 2378 1658 2461 primum,
1727 2384 1802 2443 ut
1857 2377 2029 2442 hanc
2083 2367 2498 2442 numerorum
2556 2376 3107 2461 permutationem

721 2480 846 2545 sibi
920 2481 1382 2559 concederent,
1452 2480 1851 2547 Graecorum
1913 2480 2175 2564 impulsi
2256 2485 2407 2545 sunt
2473 2479 2801 2564 exemplis.
2933 2478 3106 2545 Nam

724 2582 980 2665 Graeci,
1027 2604 1190 2667 quos
1233 2589 1465 2668 poetas
1501 2584 1771 2649 Latinos
1815 2585 2109 2649 imitatos
2150 2604 2291 2649 esse
2321 2603 2510 2649 nemo
2556 2588 2657 2650 est
2692 2584 2807 2667 qui
2834 2584 3105 2665 nesciat,

719 2687 996 2769 primum
1043 2688 1303 2753 nomina
1347 2689 1413 2752 in
1460 2688 1698 2772 quibus
1743 2688 2021 2754 materia
2065 2687 2385 2771 quaedam
2431 2687 2619 2767 inest,
2665 2692 2733 2752 et
2759 2686 3107 2771 pluraliter

719 2796 786 2855 et
831 2790 1247 2873 singulariter
1293 2791 1468 2856 elata
1522 2792 1618 2856 ita
1663 2796 1985 2876 usurpant
2041 2796 2115 2857 ut
2171 2792 2342 2856 idem
2406 2790 2772 2875 significent
2831 2790 3105 2856 numeri.

717 2893 966 2958 Deinde
1013 2895 1106 2959 sic
1137 2893 1528 2961 exhibentur
1572 2896 1835 2961 nomina
1881 2915 2050 2979 quae
2096 2895 2388 2979 corporis
2434 2894 2726 2959 membra
2770 2893 3103 2959 denotant.

719 2997 882 3062 Tum
950 3018 1140 3063 voces
1191 2996 1460 3082 ‘quibus
1527 3000 1942 3065 continentur
2006 2999 2303 3081 regiones
2362 3018 2441 3063 ac
2496 2998 2668 3062 loca’
2722 3046 2737 3061 .
2763 3048 2778 3063 .
2845 3003 2912 3063 et
2969 2998 3105 3063 alia

719 3101 812 3185 (in
872 3102 1086 3167 indice
1130 3104 1392 3167 nomina
1437 3102 1693 3169 Graeca
1732 3103 2184 3168 adnotavimus
2244 3122 2413 3185 quae
2470 3092 2804 3167 vocabulis
2847 3101 3103 3166 Latinis

717 3208 1140 3288 respondent,
1201 3213 1273 3270 ut
1326 3208 1835 3291 unumquodque
1905 3226 2139 3271 nomen
2204 3226 2372 3289 quae
2428 3204 2736 3270 habuerit
2792 3202 2934 3270 fata
2992 3225 3099 3269 co-

720 3310 1039 3393 gnoscas).
1089 3309 1359 3374 Accedit
1391 3309 1523 3374 alia
1553 3309 1859 3394 analogia
1890 3328 2059 3393 quae
2088 3309 2329 3393 poetici
2358 3307 2630 3392 pluralis
2660 3308 3101 3391 progressioni

716 3409 841 3475 fuit
899 3412 1307 3477 adiumento:
1369 3434 1580 3479 sermo
1644 3414 2001 3479 communis
2058 3413 2127 3477 in
2169 3413 2250 3478 iis
2293 3411 2678 3492 nominibus,
2740 3432 2909 3495 quae
2953 3411 3099 3495 plu-

717 3514 882 3579 ralia
902 3520 1156 3580 tantum
1180 3522 1513 3598 vocantur,
1537 3517 1898 3601 plurativas
1923 3515 2289 3601 praebebat
2308 3516 2553 3581 formas
2577 3537 2697 3600 pro
2723 3515 3098 3582 notionibus

717 3617 1180 3701 singularibus3
1229 3618 1359 3686 ‘vel
1405 3621 1579 3705 apud
1611 3626 1907 3687 oratores
1950 3621 2189 3686 latinos
2234 3619 2543 3684 nonnulla
2585 3619 2907 3685 vocabula
2951 3620 3095 3703 plu-

719 3721 886 3787 ralia
930 3728 1184 3795 tantum
1233 3724 1757 3806 enuntiabantur,
1799 3726 1864 3789 in
1914 3724 2151 3809 quibus
2195 3723 2445 3788 numeri
2474 3723 2569 3787 vis
2601 3723 2914 3807 temporis
2956 3722 3099 3787 diu-

721 3826 1036 3892 turnitate
1095 3828 1162 3891 in
1225 3827 1609 3893 oblivionem
1669 3828 1827 3893 data
1874 3823 2039 3894 erat'
2069 3826 2135 3912 ¹).
2236 3826 2583 3909 Permagni
2625 3828 2819 3891 etiam
2864 3826 3099 3891 horum

718 3929 1179 3995 vocabulorum
1241 3932 1542 4016 analogia
1600 3934 1756 4016 quin
1816 3928 2125 3998 moment-i
2168 3930 2367 3996 fuerit
2387 3981 2403 4011 ‚
2459 3930 2633 3995 omni
2692 3930 3099 3995 dubitatione

727 4038 907 4097 caret
928 4032 980 4119 2)
1051 4056 1262 4117 neque
1325 4036 1523 4101 tertia
1589 4036 1893 4119 analogia
1940 4034 2341 4118 neglegenda
2410 4040 2542 4101 estt
2610 4035 2768 4099 item
2840 4032 3099 4099 obviam

721 4134 886 4201 fiunt
929 4139 996 4202 in
1041 4139 1334 4204 oratione
1396 4139 1610 4205 soluta
1668 4138 1977 4205 nonnulla
2019 4139 2298 4219 nomina,
2357 4158 2525 4221 quae
2574 4138 2989 4222 singulariter
3032 4143 3100 4202 et

718 4240 1063 4323 pluraliter
1105 4242 1173 4306 in
1209 4264 1400 4309 usum
1441 4248 1759 4308 vocantur
1807 4243 1903 4308 ita
1958 4247 2032 4307 ut
2075 4241 2253 4307 nulla
2300 4247 2479 4307 extet
2534 4242 2706 4306 inter
2747 4247 3097 4323 utrumque

888 4397 937 4463 l)
978 4394 1164 4465 Appel
1202 4415 1255 4466 p.
1297 4398 1376 4451 16.

889 4484 944 4552 2)
981 4482 1256 4553 Exempla
1289 4483 1534 4537 invenies
1569 4484 1719 4553 apud
1754 4483 2027 4539 Maasium
2068 4502 2121 4553 p.
2157 4487 2278 4540 490.
