3325 5359
1245 314 1675 376 ..41—

269 492 540 552 cuturus
585 490 686 549 est
716 484 916 549 ‘illum
960 490 1152 569 post
1193 484 1522 550 cineres
1567 504 1855 567 auguror
1897 484 2039 567 ipse
2069 482 2279 549 diem’.
2351 482 2446 549 111
2474 490 2533 565 9,
2568 489 2646 549 37

267 592 356 655 ‘in
401 590 923 675 cineresvarcem
965 587 1210 653 sedisse
1245 587 1592 671 paternos’.
1661 587 1750 653 IV
1786 593 1884 667 11,
1918 592 1995 652 37
2032 586 2369 653 ‘maiorum
2400 588 2651 656 cineres

266 694 392 759 tibi
458 694 666 759 Roma.
737 692 1076 757 colendos’.
1191 698 1270 758 92
1336 694 1524 757 ‘tanti
1585 692 1836 756 cineres
1901 689 2163 757 duxerit
2232 712 2373 757 esse
2434 688 2651 757 meos’.

268 798 450 881 Eleg.
493 796 562 862 in
607 796 812 862 Maec.
859 796 922 861 Π
967 801 1044 861 21
1099 796 1258 881 ‘ipse
1303 816 1441 879 ego,
1500 793 1815 879 quidquid
1860 790 1992 875 ero,
2052 794 2653 881 cineresvinterque

268 900 566 970 favillas’.
653 900 1002 966 Ovidius
1047 921 1172 964 am.
1218 900 1311 965 ΙΙΙ
1339 906 1396 980 9,
1430 904 1512 965 50
1556 900 1642 963 ‘in
1690 899 2225 985 cineresvultima
2267 900 2440 964 dona
2481 898 2651 964 tulit’

267 1006 350 1071 de
397 1004 654 1075 Tibullo
697 1010 954 1070 mortuo
994 1003 1468 1087 intellegendus
1515 1008 1614 1068 est
1669 1003 1971 1087 pluralis,
2027 1004 2181 1068 item
2228 1024 2307 1069 ac
2350 1004 2511 1087 sing.
2569 1008 2650 1069 68

267 1110 374 1174 ‘sit
429 1109 664 1174 humus
725 1108 1002 1173 cineri
1058 1129 1187 1173 non
1247 1128 1522 1178 onerosa
1580 1108 1733 1173 tuo'.
1822 1106 2027 1191 Epist.
2074 1108 2103 1171 I
2150 1112 2233 1172 24
2275 1111 2547 1172 ‘versast
2583 1106 2651 1170 in

268 1213 520 1277 cineres
585 1212 830 1295 sospite
890 1212 1086 1277 Troia
1151 1212 1327 1277 viro’.
1437 1212 1557 1277 VII
1625 1216 1745 1277 115
1814 1212 2211 1294 ‘cineresque
2277 1210 2436 1275 viri’.
2529 1214 2647 1276 192

267 1315 438 1380 Dido
485 1316 566 1380 de
612 1336 681 1380 66
725 1316 897 1399 ipsa:
951 1314 1158 1381 ‘dabis
1203 1316 1270 1379 in
1317 1314 1851 1399 cineresvultima
1897 1313 2067 1380 dona
2111 1314 2325 1380 meos‘.
2417 1316 2552 1377 Art.
2591 1312 2653 1376 II

270 1425 352 1485 26
413 1419 716 1503 ‘accipiat
777 1420 1026 1484 cineres
1084 1423 1264 1484 terra
1321 1424 1599 1503 paterna
1656 1418 1875 1484 meos’.
1976 1418 2069 1483 111
2114 1423 2190 1484 21
2254 1404 2651 1500 ‘cineresque

269 1522 724 1589 miscebimur’.
817 1522 966 1587 Met.
1013 1523 1074 1587 Π
1111 1528 1234 1589 216
1281 1522 2082 1608 ‘cineresveiectatamque
2124 1520 2450 1588 favillam’.
2528 1521 2653 1585 628

269 1629 355 1691 ‘in
408 1627 658 1691 cineres
719 1622 890 1690 labi’.
995 1626 1147 1691 VIII
1193 1631 1314 1692 539
1375 1632 1543 1710 ‘post
1604 1627 1885 1691 cinerem
1948 1626 2198 1691 cineres
2254 1614 2525 1689 liaustos
2572 1622 2656 1688 ad

264 1736 540 1814 pectora
604 1729 944 1814 pressant’,
1017 1736 1292 1813 apparet
1353 1730 1671 1813 pluralem
1743 1730 2232 1813 perspicuitatis
2287 1748 2486 1793 causa
2539 1749 2655 1811 po-

267 1835 629 1899 situmesse.
736 1833 892 1899 XIII
952 1837 1075 1898 426
1136 1834 1404 1899 ‘cineres
1440 1887 1453 1902 .
1486 1887 1500 1902 .
1545 1834 1847 1899 Hectoris
1903 1832 2211 1898 haustos’.
2317 1831 2465 1896 XIV
2531 1836 2653 1897 577

266 1936 558 2003 ‘cineres’
621 1957 756 2001 acc.
816 1941 967 2002 ante
1029 1957 1197 2001 cons,
1299 1938 1492 2002 Trist.
1533 1937 1624 2002 III
1670 1943 1725 2016 3,
1774 1942 1853 2003 83
1914 1936 2229 2020 ‘quamvis
2284 1935 2351 1999 in
2406 1936 2655 2000 cineres

266 2062 508 2125 corpus
549 2041 898 2105 mutaverit
939 2040 1140 2123 ignis'.
1229 2041 1410 2105 Pont.
1444 2041 1475 2105 I
1509 2046 1564 2120 1,
1602 2046 1721 2105 112
1771 2040 2066 2105 ‘Bistonii
2110 2040 2655 2125 cineresvungula

265 2138 720 2230 pulset'equi’.
809 2143 870 2208 II
917 2148 974 2223 2,
1014 2148 1092 2209 62
1139 2150 1348 2229 ‘posse
1394 2144 1582 2210 velim
1629 2144 2209 2230 cineresvobruere
2252 2143 2391 2226 ipse
2438 2142 2651 2208 meos'.

270 2250 362 2314 IV
394 2253 534 2328 16,3
566 2248 886 2331 ‘famaque
930 2253 1081 2331 post
1126 2248 1374 2313 cineres
1420 2250 1628 2313 maior
1657 2248 1865 2313 venit’.
1940 2248 2301 2331 Singularis
2332 2245 2653 2311 ‘cinerem’

268 2359 426 2419 ante
469 2371 540 2417 m
588 2373 760 2418 cons.
805 2371 922 2416 nos
974 2349 1260 2432 offendit,
1321 2354 1475 2436 quia
1531 2372 1761 2437 aspere
1822 2357 2251 2417 consonantes
2306 2350 2457 2414 illae
2503 2369 2652 2413 con-

267 2462 560 2523 currunt.
654 2462 731 2521 18
780 2461 924 2519 ‘neu
969 2455 1218 2521 cineres
1261 2477 1515 2539 sparge,
1559 2461 1843 2534 cruente,
1895 2454 2107 2519 meos’.
2210 2453 2386 2519 Fast.
2427 2452 2521 2517 III
2570 2458 2652 2519 48

267 2560 493 2626 ‘subiit
539 2560 787 2624 cineres
843 2560 958 2643 (sc.
1005 2559 1269 2645 Silviae)
1327 2560 1564 2625 territa
1615 2558 1880 2625 flamma
1924 2558 2114 2636 suos’,
2174 2557 2253 2623 de
2307 2556 2533 2623 eadem
2581 2577 2683 2639 rev

265 2665 567 2747 sequitur
627 2668 748 2728 547
812 2664 1356 2746 ‘compositusque
1417 2662 1593 2728 cinis’
1653 2662 1833 2749 (ante
1894 2663 2113 2749 cona).
2217 2666 2339 2727 563
2386 2661 2655 2726 ‘cineres

266 2774 340 2832 te
385 2766 467 2831 ad
515 2786 632 2831 ora
676 2767 921 2830 relatos
964 2766 1246 2834 Pressit’.
1355 2766 1441 2831 VI
1487 2772 1604 2831 631
1669 2766 1794 2831 ‘hic
1837 2767 2008 2830 inter
2053 2763 2655 2851 cineresvobsceni’.

270 2872 352 2935 In
425 2869 693 2953 reliquis
781 2868 1040 2934 casibus
1126 2869 1240 2936 ubi
1311 2875 1546 2954 poetae
1617 2891 1652 2934 e
1725 2868 1964 2952 plurali
2046 2869 2206 2934 nihil
2297 2869 2655 2946 lucrantur,

267 2974 539 3058 ponitur
581 2973 964 3057 singularis3
1010 2973 1104 3039 sic
1137 2974 1396 3057 saepius
1439 2974 1506 3037 in
1535 2978 1759 3037 versus
1801 2971 1929 3035 fine
1959 2972 2159 3036 ‘cinis’
2192 2972 2407 3057 (epist.
2444 2977 2542 3049 18,
2572 2976 2655 3037 94

272 3098 433 3142 rem.
469 3078 622 3160 244)
668 3096 792 3141 am.
819 3077 882 3142 II
915 3082 972 3156 6,
1016 3082 1098 3141 42
1145 3076 1344 3142 ‘cinis’
1391 3082 1543 3142 ante
1586 3097 1724 3141 voc.
1770 3076 1834 3139 in
1881 3075 2045 3157 arsi3
2092 3074 2205 3140 cfr.
2240 3081 2468 3140 contra
2502 3080 2653 3139 met.

269 3181 428 3246 XIII
474 3182 618 3245 426.
707 3180 860 3246 XIII
909 3185 1031 3246 502
1078 3186 1258 3245 ‘cinis
1299 3179 1476 3264 ipse’.
1570 3182 1717 3245 Ace.
1759 3180 1919 3262 sing.
1950 3185 2101 3245 ante
2138 3195 2172 3244 s
2218 3180 2369 3245 trist
2414 3179 2509 3244 III
2556 3184 2654 3259 11,

270 3290 376 3363 26,
421 3284 567 3349 fast.
615 3284 701 3349 IV
749 3289 892 3349 725.
975 3284 1133 3349 Cum
1180 3285 1440 3367 saepius
1487 3306 1620 3349 acc.
1670 3285 1829 3367 sing.
1878 3290 2028 3349 ante
2075 3299 2109 3349 s
2153 3283 2429 3367 legatur,
2484 3282 2655 3347 facio

269 3410 418 3453 cum
464 3387 742 3467 Maasi0‚
806 3388 919 3471 qui
979 3388 1046 3451 in
1088 3386 1270 3452 Ovid.
1329 3388 1514 3471 epist.
1560 3388 1589 3451 I
1637 3393 1721 3455 24
1777 3410 1899 3471 pro
1962 3387 2250 3452 ‘cineres’
2309 3385 2653 3454 lectionem

271 3491 580 3556 Etoniani
625 3490 947 3555 ‘cinerem’
991 3489 1316 3573 praefert3
1370 3512 1574 3574 quare
1617 3491 1961 3575 legendum
2000 3512 2141 3556 esse
2186 3511 2416 3557 censeo
2446 3496 2655 3557 ‘versa

268 3601 373 3660 est
417 3594 482 3659 in
530 3594 811 3660 cinerem
861 3594 1106 3677 sospite
1146 3594 1342 3659 Troia
1386 3591 1562 3659 viro'.

443 3716 624 3781 vocis
671 3715 1041 3799 ‘clipeus'
1103 3715 1376 3799 pluralis
1434 3736 1554 3799 pro
1615 3716 1846 3799 singul.
1893 3716 2093 3781 semel
2136 3714 2310 3799 apud
2355 3715 2652 3791 Ovidium

271 3820 457 3903 epist.
516 3819 613 3885 III
679 3825 798 3884 119
874 3819 1175 3898 occurrit,
1237 3819 1402 3902 plur.
1436 3820 1652 3887 ,metri
1719 3820 2105 3885 necessitate
2168 3820 2453 3903 positum
2512 3840 2652 3885 6666

273 3923 518 3988 elucet:
586 3929 800 4005 ‘quam
847 3921 1146 3987 manibus
1192 3922 1592 4009 clipeosvet’.
1682 3923 1851 3987 Plur.
1900 3923 2069 3987 inter
2119 3922 2481 4005 complures
2526 3923 2653 3987 sin-

272 4025 536 4109 gulares
581 4030 790 4091 extat:
835 4025 1139 4109 puellam,
1188 4075 1247 4089 ..
1292 4026 1500 4110 lyram
1541 4076 1554 4091 .
1590 4076 1602 4089 .
1649 4015 1927 4091 hastam.

450 4146 951 4229 cognomina
1009 4167 1130 4229 pro
1191 4146 1418 4229 singul.
1464 4146 1818 4212 Ovidius
1877 4147 2076 4212 semel
2120 4147 2186 4210 in
2229 4145 2379 4212 fast.
2426 4147 2481 4211 V
2529 4152 2652 4212 579

275 4258 416 4315 ‘nec
459 4250 620 4314 satis
665 4256 767 4315 est
812 4251 1122 4315 meruisse
1169 4250 1368 4315 semel
1414 4251 1800 4333 cognomina
1842 4250 2078 4328 Marti’‚
2136 4250 2216 4315 de
2273 4250 2650 4332 cognomine

286 4352 536 4417 Ultoris
583 4353 765 4437 (577)
810 4352 1042 4436 agitur.
1131 4353 1202 4417 In
1249 4353 1520 4437 reliquis
1563 4353 1823 4419 casibus
1868 4353 2213 4437 singularis
2262 4352 2517 4419 obviam
2560 4352 2654 4418 fit.
