3325 5359
1200 353 1672 413 -123-

244 558 331 567 —
378 520 435 584 V
486 524 609 585 606
652 521 875 605 singul.
927 542 1321 606 quamquam
1356 542 1499 587 cum
1530 520 1769 605 plurali
1801 520 2180 587 coniunctus
2211 527 2312 587 est
2354 526 2626 606 ‘segetes

240 625 688 709 stipulamque
733 625 1041 692 videmus’
1102 664 1191 675 —
1247 648 1375 691 non
1428 625 1553 691 nisi
1598 625 2017 710 singulariter
2063 627 2366 707 occurrit,
2424 626 2623 692 Ver-

241 730 515 812 gilius
576 730 833 795 demum
886 735 1152 815 praeter
1208 729 1603 815 singularem
1664 729 1909 795 formas
1955 748 2212 814 quoque
2265 729 2626 814 plurativas

242 834 377 900 sibi
423 834 777 900 concessit:
826 855 962 901 acc.
1010 834 1171 919 sing.
1219 854 1315 918 ge.
1363 833 1396 899 I
1442 839 1522 899 85
1570 838 1789 919 ‘atque
1833 832 2038 899 levem
2081 833 2388 917 stipulam
2421 835 2625 918 crepi-

240 935 543 1003 tantibus
575 959 765 1004 urere
791 938 1113 1017 flammis’‚
1156 959 1290 1004 acc.
1334 937 1503 1022 plur.
1554 942 1673 1004 321
1726 937 2158 1021 ‘culmumque
2185 937 2388 1003 levem
2422 937 2626 1022 stipu-

239 1042 473 1126 lasque
515 1041 832 1121 volantis',
878 1048 1029 1107 ante
1064 1063 1257 1121 cons„
1306 1041 1608 1107 videlicet
1650 1041 1736 1107 ad
1770 1060 1841 1107 m
1883 1040 2142 1109 litterae
2173 1042 2626 1127 repetitionem

242 1146 644 1212 cumulatam
704 1146 1092 1213 evitandam.
1187 1144 1329 1211 Abl.
1374 1146 1543 1230 plur.
1593 1166 1692 1229 ge.
1735 1146 1832 1211 111
1880 1153 1960 1215 99
2024 1153 2118 1213 ‘ut
2172 1146 2499 1231 quondam
2559 1145 2626 1209 in

245 1249 506 1335 stipulis
570 1270 841 1333 magnus
902 1250 1039 1315 sine
1094 1250 1341 1315 viribus
1384 1250 1553 1333 ignis
1597 1248 1934 1315 Incassum
1976 1251 2177 1331 furit’‚
2237 1255 2387 1314 ante
2433 1270 2627 1329 cons„

242 1354 429 1419 nulla
474 1360 745 1437 cogente
790 1374 990 1420 causa
1034 1356 1323 1434 metrica,
1370 1353 1484 1419 sed
1528 1360 1602 1420 ut
1644 1352 1806 1419 mihi
1849 1354 2106 1420 videtur
2135 1360 2330 1439 poeta
2361 1375 2490 1417 non
2531 1354 2626 1419 in-

247 1458 547 1523 consulto
582 1458 611 1523 i
646 1456 933 1523 litteram
980 1458 1047 1524 in
1090 1458 1216 1524 hac
1262 1458 1586 1523 sententia
1626 1457 1843 1524 decies
1883 1458 2200 1524 adhibuit.
2269 1458 2432 1523 Item
2479 1456 2626 1523 Ovi-

247 1563 395 1628 dius
444 1568 507 1628 et
556 1562 947 1646 singularem
996 1569 1062 1627 et
1106 1562 1427 1647 pluralem
1468 1562 1834 1647 promiscue
1878 1563 1946 1627 in
1989 1584 2176 1628 usum
2225 1567 2446 1627 vocat:
2502 1559 2628 1628 abl.

245 1668 413 1750 sing.
462 1670 711 1751 septem
755 1667 935 1732 locis.
1028 1666 1214 1733 Nom.
1260 1666 1425 1751 plur.
1473 1672 1624 1731 met.
1657 1666 1691 1731 I
1721 1670 1844 1734 492
1893 1671 2117 1749 ‘utque
2147 1667 2320 1732 leves
2351 1663 2630 1748 stipulae

250 1771 534 1855 demptis
581 1770 924 1835 adolentur
970 1770 1229 1850 aristis',
1277 1770 1390 1835 ubi
1422 1768 1769 1854 singularis
1801 1769 2043 1854 stipula
2075 1770 2158 1835 ad
2189 1774 2468 1835 metrum
2501 1789 2628 1834 non

250 1874 552 1958 quadrat.
645 1876 793 1939 Acc.
837 1873 1003 1957 plur.
1044 1874 1191 1940 fast.
1234 1874 1320 1938 IV
1373 1879 1493 1939 725
1538 1874 1838 1939 ‘cinerem
1887 1873 2290 1957 stipulasque
2349 1871 2627 1953 fabalis’,

251 1978 615 2063 euphoniae
647 1998 846 2045 causa
876 1978 1034 2060 quia
1062 1978 1193 2043 tria
1223 1977 1541 2044 vocabula
1584 1978 1652 2042 in
1695 1996 1763 2042 m
1813 1978 2175 2043 desinentia
2205 1997 2397 2042 aures
2429 1974 2628 2043 offen-

250 2082 432 2148 dunt.
502 2082 743 2147 Contra
786 2082 915 2148 abl.
961 2081 1129 2166 plur.
1179 2087 1302 2147 797
1350 2086 1500 2147 ante
1544 2102 1703 2161 voc„
1747 2082 1905 2147 item
1949 2088 2100 2148 met.
2148 2082 2301 2147 VIII
2345 2085 2490 2147 630.

424 2190 845 2269 strepitus
868 2188 934 2269 ¹).
1027 2185 1310 2251 Pluralis
1353 2185 1504 2250 inde
1550 2207 1591 2250 a
1634 2185 2045 2269 Vergilio,
2095 2186 2205 2269 qui
2237 2185 2434 2250 etiam
2465 2185 2625 2269 sing.

252 2295 320 2355 et
364 2311 497 2357 acc.
548 2294 615 2355 et
658 2289 786 2355 abl.
836 2289 1119 2355 exhibet.
1199 2288 1648 2355 Nominativus
1694 2288 2061 2372 singulariS‚
2106 2290 2217 2374 qui
2247 2288 2629 2374 tribrachyn

251 2393 544 2477 praebet,
610 2414 740 2457 non
800 2394 923 2458 nisi
988 2398 1155 2458 ante·
1198 2414 1333 2458 voc.
1390 2393 1606 2458 versui
1664 2392 1969 2477 adaptari
2025 2398 2257 2477 potest.
2348 2389 2628 2457 Pluralis

255 2498 510 2563 obviam
566 2497 642 2561 fit
700 2518 797 2579 ge.
842 2498 939 2561 III
984 2502 1063 2564 79
1122 2504 1267 2562 ‘nee
1312 2496 1794 2583 vanosvhorret
1838 2496 2199 2580 strepitus',
2257 2500 2409 2563 ante
2473 2516 2628 2587 voc„

256 2602 339 2667 ad
370 2602 669 2667 elisiones
702 2601 1057 2681 evitandas,
1102 2602 1258 2666 item
1304 2601 1416 2665 Ae.
1447 2600 1542 2665 IX
1576 2605 1701 2667 394
1746 2598 1952 2666 ‘audit
1983 2600 2415 2685 strepitusvet
2445 2599 2632 2683 signa

260 2705 679 2789 sequentum'.
770 2704 1158 2771 Tibullus
1205 2704 1405 2769 semel
1443 2705 1610 2788 plur.
1644 2726 1778 2770 acc.
1823 2704 2089 2769 exhibet
2133 2708 2286 2769 ante
2319 2724 2490 2768 cons,
2539 2721 2629 2782 m,

258 2810 338 2874 ad
400 2831 463 2874 m
525 2808 891 2873 litterarum
955 2808 1372 2873 conlisionem
1442 2808 1838 2872 evitandam:
1927 2808 1960 2871 I
2020 2812 2077 2885 6,
2138 2812 2215 2872 62
2277 2807 2632 2890 ‘cognoscit

259 2913 565 2996 strepitus
645 2934 745 2977 me
819 2911 1154 2976 veniente'.
1260 2912 1673 2976 Horatius
1733 2912 1918 2993 epist.
1982 2911 2048 2974 II
2109 2915 2164 2990 2,
2231 2917 2308 2977 79
2375 2911 2461 2975 ad
2517 2909 2631 2974 eli-

258 3017 497 3081 sionem
525 3015 893 3080 evitandam
923 3020 1195 3097 propter
1227 3014 1635 3093 attributum,
1668 3015 1997 3098 ‘strepitus
2028 3019 2632 3099 nocturnosvatque

261 3119 561 3199 diurnos’,
608 3126 674 3184 et
716 3125 839 3183 art.
889 3123 968 3183 82
1017 3118 1417 3203 ‘strepitusv'
1466 3124 1617 3183 ante
1662 3138 1798 3182 voc.
1891 3116 2245 3183 Ovidius
2304 3116 2470 3201 plur.
2520 3138 2627 3182 ex·

256 3222 437 3288 hibet
495 3222 726 3287 semel:
793 3222 947 3287 Met.
1007 3221 1102 3286 XI
1161 3226 1286 3287 650
1346 3221 1574 3286 ‘nullos
1634 3221 1964 3305 strepitus'
2031 3228 2182 3286 ante
2248 3241 2439 3300 cons,
2499 3225 2629 3285 ter-

258 3326 521 3391 minatio
567 3344 687 3389 um
730 3326 833 3391 bis
877 3327 1160 3410 repetita
1200 3346 1391 3391 aures
1438 3324 1832 3390 offendisset.

376 3450 381 3455 ·
429 3429 890 3507 stridores,
938 3451 1106 3512 quae
1146 3451 1270 3493 vox
1326 3428 1672 3513 pluraliter
1729 3434 2085 3514 usurpatur
2141 3429 2292 3494 inde
2339 3451 2379 3493 a
2430 3429 2630 3493 Ver-

260 3533 495 3617 gilio,
543 3534 656 3615 qui
704 3532 828 3596 abl.
864 3532 1030 3616 plur.
1077 3533 1179 3597 bis
1226 3534 1529 3598 nimirum
1571 3533 1638 3597 in
1687 3533 1759 3597 V.
1788 3555 1848 3617 p.
1896 3532 2190 3598 exhibet:
2237 3532 2350 3598 Ge.
2394 3533 2458 3596 II
2512 3538 2627 3598 162

260 3638 526 3719 ‘magnis
573 3636 963 3701 stridoribus
1009 3637 1272 3719 aequor'
1333 3642 1399 3701 et
1444 3640 1553 3701 Ae.
1602 3636 1728 3700 XII
1775 3642 1899 3703 590
1946 3637 2343 3720 ‘magnisque
2389 3642 2632 3701 acuunt

257 3740 645 3806 stridoribus
687 3740 857 3805 iras'.
939 3740 1185 3805 Ceteris
1231 3740 1391 3805 locis
1425 3740 1772 3822 singularis
1803 3741 1869 3804 in
1902 3762 2088 3804 usum
2116 3746 2405 3817 vocatur,
2454 3741 2631 3805 velut

256 3844 579 3909 ablativus
626 3865 721 3927 ge.
767 3844 800 3907 I
843 3848 967 3909 407
1018 3852 1270 3927 ‘magno
1319 3844 1598 3909 stridore
1641 3864 1763 3926 per
1809 3844 2041 3922 auras'‚
2102 3851 2449 3928 praeterea
2492 3864 2626 3909 acc.

251 3954 314 4012 et
378 3969 547 4012 nom.
594 3948 1027 4013 inveniuntur.
1119 3947 1414 4013 Tibullus
1476 3951 1541 4012 et
1602 3946 1870 4012 Ovidius
1924 3947 2312 4030 singularem
2374 3953 2628 4012 tantum

256 4052 376 4117 sibi
420 4052 873 4136 permiserunt.
1170 4064 1173 4067 ’

418 4154 868 4239 sulpura2).
963 4155 1409 4237 Vergilius
1455 4158 1522 4219 et
1566 4154 1730 4236 sing.
1777 4157 1844 4217 et
1888 4151 2055 4237 plur.
2101 4159 2393 4237 usurpat.
2452 4152 2622 4221 Plur.

252 4281 343 4344 ge.
402 4259 498 4323 ΠΙ
556 4264 680 4324 449
742 4257 1031 4342 ‘sulpura
1085 4258 1267 4338 viva'‚
1334 4258 1507 4323 inter
1565 4256 1932 4342 complures
1992 4256 2298 4342 plurales.
2387 4258 2627 4324 Contra

426 4416 475 4481 1)
514 4412 669 4468 Neue
704 4412 737 4466 I
778 4415 893 4467 648.

420 4500 481 4567 2)
520 4498 571 4553 N
576 4514 677 4553 cue
713 4498 748 4554 1
784 4500 901 4554 621.
971 4497 1129 4552 Maas
1165 4498 1285 4554 523.
1353 4497 1609 4553 Bednara
1642 4499 1762 4555 561.
