3325 5359
1198 353 1632 416 -13—

231 527 380 589 ante
440 522 728 589 vocalem
792 522 878 588 ad
935 521 1364 608 synaloephas
1431 521 1769 588 evitandas
1835 522 2225 607 deposcitur.
2331 523 2605 592 Dativus

229 626 574 711 singularis
603 627 952 707 nominum,
998 626 1219 710 qualia
1264 630 1415 691 sunt
1459 636 1689 692 currus
1718 625 1951 705 vultus,
1994 626 2294 693 destituit
2321 633 2603 713 poetam,
2686 703 2691 710 ,

226 730 380 796 item
427 731 761 816 genetivus
789 713 1081 815 pluralis.
1151 729 1360 795 Voces
1383 729 1435 813 ¹)
1481 750 1649 813 quae
1694 730 1977 815 priorem
2008 729 2327 816 syllabam
2357 731 2603 798 habent

228 833 506 914 brevem,
550 852 772 900 omnes
820 854 1010 899 casus
1055 831 1354 899 offerunt.

399 956 582 1022 Haec
625 955 706 1021 de
750 975 976 1021 eorum
1017 955 1347 1020 nominum
1391 953 1786 1035 rationibus,
1848 975 2017 1038 quae
2080 960 2147 1021 et
2188 955 2605 1040 singulariter

231 1064 297 1124 et
339 1059 686 1144 pluraliter
747 1079 788 1124 a
844 1058 1056 1144 poetis
1115 1058 1185 1122 in
1227 1078 1414 1123 usum
1460 1062 1794 1139 vocantur,
1839 1057 2200 1141 sufficiant3
2259 1081 2431 1126 nunc
2472 1060 2605 1126 iam

229 1162 311 1228 ad
355 1162 534 1228 aliud
574 1183 676 1228 me
730 1167 1100 1228 convertam
1144 1165 1210 1227 et
1267 1161 1577 1246 exemplis
1623 1161 2071 1228 demonstrare
2134 1161 2421 1228 conabor
2464 1167 2633 1229 sae-‘

226 1266 490 1350 pissime
553 1271 784 1350 poetas
829 1271 1091 1332 coactos
1151 1287 1291 1332 esse
1336 1265 1654 1350 pluralem
1703 1264 2034 1346 adhibere,
2098 1264 2211 1332 ubi
2257 1267 2605 1350 singularis

231 1369 535 1436 attributi
602 1375 813 1435 metro
875 1369 1221 1454 respuitur.
1333 1369 1580 1451 Quibus
1645 1369 1714 1433 in
1772 1368 2084 1454 exemplis
2152 1371 2605 1436 enumerandis

232 1493 454 1538 eorum
532 1473 924 1538 mentionem
1002 1494 1132 1539 non
1209 1473 1446 1538 faciam
1510 1492 1785 1556 quorum
1853 1471 2241 1538 attributum
2318 1474 2601 1558 singula·

226 1577 390 1642 riter
449 1581 835 1660 usurpatum
900 1577 1209 1642 creticum
1271 1575 1579 1661 praebet;
1638 1574 1815 1659 quod
1869 1575 2222 1661 praecipue
2293 1577 2360 1642 in
2420 1577 2603 1642 addi·

227 1679 532 1745 tamentis
577 1678 816 1745 accidit
860 1701 1028 1764 quae
1073 1701 1220 1746 cum
1256 1678 1574 1746 vocabulo
1618 1678 1916 1744 neutrius
1962 1679 2216 1762 generis
2262 1680 2606 1747 coniuncta

225 1788 408 1865 sunt3
455 1782 534 1848 de
578 1782 680 1848 his
723 1771 854 1849 iam
886 1805 1087 1868 supra
1115 1782 1400 1850 breviter
1431 1783 1729 1849 diximus.
1776 1782 2018 1847 Eorum
2049 1787 2265 1849 autem
2296 1804 2603 1850 numerus

224 1887 452 1970 ingens
497 1891 615 1952 est.
703 1888 842 1952 Iam
900 1868 1270 1953 videamus‘
1292 1908 1460 1972 quae
1508 1886 1806 1970 exempla
1862 1884 1947 1950 ad
2005 1884 2178 1951 hanc
2228 1908 2364 1952 rem
2407 1908 2602 1972 pecu-

223 1989 452 2056 liarem
494 1995 821 2074 spectent:
873 1989 1053 2056 Ovid.
1094 2011 1151 2056 a.
1183 2011 1242 2056 a.
1288 1991 1382 2056 III
1431 1995 1551 2057 126
1587 1988 1958 2057 ‘caeruleae
1991 2040 2005 2056 .
2039 2040 2053 2054 .
2094 1986 2331 2074 aquae'
2386 1991 2600 2074 singu-

225 2093 384 2159 laris
416 2089 773 2160 ‘caerulea'
828 2114 957 2159 non
1001 2100 1194 2179 aptus
1239 2100 1356 2161 est.
1447 2094 1557 2160 Ov.
1605 2114 1662 2160 a.
1702 2115 1759 2160 a.
1805 2095 1898 2160 III
1954 2099 2051 2175 10,
2094 2100 2176 2159 27
2212 2092 2507 2160 ‘tanei-az
2546 2144 2560 2158 .
2586 2144 2601 2160 .

225 2193 561 2262 medullae'
611 2217 733 2281 pro
777 2194 1056 2266 tenara'.
1098 2235 1185 2246 -
1228 2198 1420 2281 Verg.
1453 2219 1550 2282 ge.
1596 2199 1658 2263 II
1702 2203 1786 2264 64
1832 2197 2155 2283 ‘Paphisffi
2184 2247 2198 2262 .
2232 2247 2245 2262 .
2278 2197 2602 2282 myrthus’

225 2305 503 2366 metrum
559 2301 835 2367 formam
870 2298 1177 2387 ‘Paphia’
1229 2323 1371 2390 non.
1399 2303 1669 2386 patitur.
1776 2302 1887 2367 Ov,
1933 2302 2083 2368 fast.
2127 2301 2215 2369 IV
2260 2307 2386 2368 895
2423 2298 2604 2367 ‘vota

229 2454 289 2469 ..
322 2400 638 2486 meliora'3
693 2405 922 2490 singul.
955 2402 1242 2472 ‘melius’
1295 2411 1618 2490 repugnat
1661 2407 1895 2472 versui.
1986 2406 2098 2472 Ov.
2145 2412 2293 2470 met.
2341 2406 2429 2471 IV
2482 2411 2601 2471 134

213 2506 362 2574 ‘ora
390 2557 404 2572 .
440 2559 454 2574 .
488 2505 856 2592 pallidiora'
905 2530 1030 2594 pro
1062 2508 1419 2594 ‘pallidius’
1471 2511 1648 2594 (met.
1681 2509 1774 2574 IX
1802 2514 1880 2576 57
1918 2507 2021 2574 ‘os
2054 2560 2068 2574 .
2104 2559 2116 2574 .
2152 2505 2603 2595 expositum');

223 2617 375 2677 met.
421 2613 578 2677 XIII
621 2617 743 2679 369
807 2613 915 2699 (de
959 2612 1176 2697 Ulixe)
1218 2612 1519 2699 ‘pectora
1562 2663 1576 2677 .
1609 2664 1623 2679 .
1670 2609 1950 2697 potiora'
2002 2614 2161 2697 sing.
2197 2609 2464 2697 ‘potius'
2518 2612 2604 2677 ad

118 2779 122 2781 ,
219 2720 498 2781 metrum
544 2737 673 2782 non
715 2717 1014 2800 quadrat.
1105 2718 1269 2782 Item
1315 2738 1396 2783 ex
1439 2717 1628 2783 Pont.
1676 2717 1944 2797 1114,33
1986 2715 2356 2801 ‘frigidiora
2386 2766 2401 2782 .
2434 2765 2449 2781 .
2495 2712 2601 2801 p.';

505 2817 758 2841 ΟΟΟ

399 2939 580 3019 Quae
639 2941 936 3025 exempla
990 2941 1304 3026 perfacile
1367 2941 1594 3024 augeri
1638 2946 1944 3025 possunt3
2004 2941 2117 3006 sed
2174 2940 2259 3006 ad
2311 2945 2602 3006 nostram

224 3042 544 3108 rationem
577 3043 1148 3110 demonstrandam
1181 3042 1511 3110 sufficiunt
1555 3065 1724 3128 quae
1765 3043 1976 3109 attuli.
2051 3044 2249 3109 Hisce
2280 3064 2601 3128 opponam

228 3145 358 3211 alia
403 3146 640 3230 quibus
686 3147 1017 3214 contraria
1059 3149 1313 3213 ratione
1375 3146 1587 3213 elucet
1636 3153 1869 3232 poetas
1916 3167 2329 3231 nonunquam
2386 3147 2602 3232 singu·

225 3249 431 3316 larem
476 3250 867 3335 praetulisse
910 3289 997 3300 -
1040 3251 1343 3317 videlicet
1390 3251 1458 3317 in
1503 3252 1869 3318 nominibus
1925 3271 2092 3335 quae
2138 3251 2364 3317 eodem
2410 3272 2603 3316 sensu

227 3354 422 3419 etiam
447 3353 791 3440 pluraliter
815 3353 1209 3421 adhibentur
1235 3392 1341 3436 —‚
1373 3354 1549 3438 quod
1569 3355 1843 3439 pluralis
1875 3376 1916 3420 a
1934 3361 1963 3420 t
1979 3353 2151 3420 trib
2168 3354 2291 3420 uti
2323 3375 2363 3420 a
2392 3360 2602 3420 metro

229 3457 562 3524 abhorret.
643 3458 936 3525 Catullus
983 3462 1168 3541 62‚57
1203 3455 1380 3523 ‘cum
1424 3479 1547 3542 par
1591 3459 1933 3525 conubium
1962 3509 1977 3524 .
2005 3509 2019 3524 .
2052 3458 2086 3524 .’
2132 3459 2293 3542 sing.
2332 3463 2603 3543 propter

226 3560 530 3626 attributi
572 3561 894 3646 pluralem
939 3561 1448 3643 incommodum,
1512 3583 1657 3627 cum
1692 3559 1928 3647 ‘paria'
1981 3562 2360 3647 tribrachyn
2413 3582 2601 3646 prae-

222 3662 400 3729 beat.
507 3665 996 3732 Substantivum
1059 3671 1279 3732 autem
1344 3671 1420 3732 ut
1484 3667 1550 3730 in
1603 3665 1985 3732 hexametro
2042 3666 2259 3732 sedem
2339 3664 2600 3745 habeat,

224 3787 354 3853 non
403 3787 524 3851 per
581 3772 891 3850 quattuor
951 3769 1234 3854 syllabas
1302 3770 1856 3855 pronuntiandum
1924 3775 2039 3850 est,
2100 3770 2216 3835 sed
2280 3789 2401 3854 per
2446 3773 2600 3849 tres,

221 3869 524 3936 nimirum
573 3891 720 3937 cum
767 3873 1040 3958 synizesi
1060 3873 1131 3959 2).
1177 3913 1266 3922 -
1328 3874 1516 3957 Verg.
1564 3893 1660 3957 ge.
1708 3873 1771 3938 11
1820 3879 1898 3939 18
1928 3871 2275 3938 ‘Parnasia
2315 3871 2599 3954 laurus’3

220 3979 501 4040 metrum
525 3974 844 4058 pluralem
860 3972 1262 4043 ‘Parnasiae'
1288 3977 1371 4043 ob
1398 3977 1708 4042 creticum
1738 3997 1866 4042 non
1895 3977 2164 4061 patitur.
2217 3975 2602 4059 Verg.Ae.II

221 4082 346 4144 513
364 4074 745 4144 ‘veterrima
770 4077 1019 4146 laurus'
1044 4079 1052 4167 Ι
1076 4081 1408 4146 eademde
1434 4101 1651 4160 causa,
1678 4076 2259 4146 cfrfveterrimaess'.
2307 4080 2600 4163 Itemque

390 4305 449 4459 ἐξ
478 4303 819 4446 ΙΒΣΒῖὲΙιΞἘῩξιΣ
854 4391 908 4447 d.
945 4411 988 4447 r.
1028 4411 1099 4447 m.
1135 4365 1314 4463 30213.
1366 4391 1595 4448 Norden
1631 4391 1703 4446 ad
1725 4391 1897 4463 Verg.
1923 4410 1977 4462 p.
2000 4391 2176 4460 285s6.
2242 4389 2402 4445 Maas
2424 4389 2599 4446 Arch.

221 4475 383 4530 XIII
417 4479 708 4533 433-435.
780 4479 1040 4533 Bednara
1072 4480 1246 4534 Arch.
1283 4479 1395 4536 XV
1430 4479 1548 4534 542.
