3325 5359
1154 364 1634 424 .-11-

237 536 570 603 Accedunt
632 534 760 599 alia
817 534 1112 599 neutrius
1175 534 1428 617 generis
1489 532 1916 613 substantiva,
1979 554 2147 616 quae
2193 531 2418 617 ‘longa
2464 554 2608 598 cum

237 641 418 708 brevi
461 639 806 705 coniuncta
851 638 1128 723 syllaba'
1174 637 1516 722 pluraliter
1557 642 1874 703 constant.
1951 638 2236 717 Quorum
2283 637 2613 702 nominum

238 764 631 829 quamquam
679 742 1026 825 singularis
1070 742 1286 807 versui
1333 742 1533 807 inseri
1579 747 1815 825 potest,
1872 746 2087 807 tamen
2148 746 2383 826 poetae
2426 762 2615 825 prae-

236 850 528 916 tulerunt
581 867 920 912 numerum
979 846 1394 930 plurativum,
1464 847 1576 929 qui
1634 849 1905 931 propter
1968 845 2285 931 syllabam
2354 845 2616 911 brevem
2716 840 2721 847 ’

239 954 480 1037 optime
539 950 838 1016 convenit
894 971 1042 1015 cum
1099 955 1324 1017 metro.
1427 951 1568 1030 Quo
1625 952 1695 1015 in
1754 949 2103 1034 pluralium
2158 969 2426 1014 numero
2490 949 2617 1015 duo

235 1077 476 1142 genera
505 1061 656 1121 sunt
689 1054 1176 1138 distinguenda:
1209 1060 1275 1119 et
1305 1074 1386 1119 ea
1415 1075 1584 1137 quae
1615 1059 1769 1119 sunt
1796 1053 2121 1119 secundae
2145 1053 2614 1132 declinationis,

237 1160 414 1225 velut
443 1158 702 1239 bellum,
739 1158 998 1235 donum,
1045 1162 1318 1241 tergum,
1366 1163 1432 1223 et
1461 1177 1630 1241 quae
1663 1158 2078 1225 continentur
2105 1157 2305 1221 tertia
2335 1155 2618 1221 declina·-

237 1266 434 1345 tione,
501 1264 713 1328 velut·
745 1283 835 1341 os,
903 1261 1045 1326 mel.
1150 1262 1398 1327 Horum
1473 1261 1867 1345 singularem
1934 1282 2157 1326 versus
2223 1281 2617 1344 quamquam

236 1370 505 1453 patitur,
569 1372 808 1446 tamen,
876 1385 1073 1449 quam
1129 1364 1391 1448 quidem
1455 1366 1774 1431 rationem
1842 1365 2084 1450 probat
2142 1386 2318 1445 usus,
2382 1369 2617 1449 poetae

239 1470 827 1557 monosyllaborum
889 1468 1206 1552 pluralem
1261 1470 1464 1534 multo
1528 1469 1759 1543 melius
1815 1470 2150 1535 cadentem
2222 1468 2618 1553 praeferunt,

237 1597 366 1642 non
395 1574 602 1641 solum
632 1574 1002 1658 praeceptis
1033 1573 1410 1657 euphonicis
1438 1573 1719 1657 impulsi,
1766 1573 1878 1639 sed
1922 1574 2238 1657 imprimis
2270 1574 2425 1657 quia
2453 1574 2619 1639 haec

238 1678 500 1745 nomina
543 1684 738 1761 saepe
783 1682 935 1743 sunt
979 1678 1324 1742 coniuncta
1369 1698 1514 1742 cum
1561 1676 2040 1757 additamentiS‚
2086 1698 2359 1761 quorum
2393 1678 2610 1761 singu-

237 1783 396 1849 laris
465 1786 672 1847 metro
740 1768 1078 1865 repugnat}
1181 1780 1475 1864 Denique
1533 1780 2099 1846 commemoranda
2166 1786 2317 1847 sunt
2380 1782 2616 1846 tertiae

238 1885 689 1952 declinationis
730 1890 982 1963 neutra,
1029 1904 1198 1967 quae
1237 1883 1656 1967 singulariter
1702 1884 1955 1949 duabus
2008 1890 2309 1949 constant
2353 1884 2619 1969 syllabis

235 1992 350 2069 ita,
373 1996 449 2055 ut
463 1987 758 2054 trochaei
783 1988 1064 2071 speciem
1091 1988 1454 2053 ostendant.
1502 1988 1789 2068 Quorum
1816 2008 2005 2053 casus
2030 1988 2193 2053 recti
2210 1992 2277 2053 et
2296 1988 2618 2053 accusati-

237 2116 355 2159 vus
401 2092 729 2178 (nimirum
763 2091 1108 2175 singularis
1138 2092 1416 2174 numeri)
1459 2092 1701 2175 optime
1730 2093 1942 2157 locum
1975 2091 2218 2157 habere
2248 2095 2524 2176 possunt
2552 2094 2619 2157 in

238 2219 432 2263 versu
457 2195 796 2280 dactylico,
827 2194 942 2260 sed
967 2195 1346 2279 saepissime
1375 2195 1719 2279 pluraliter
1745 2196 2181 2276 enuntiantur,
2213 2195 2515 2261 videlicet
2544 2200 2619 2260 ut

241 2301 532 2369 brevium
565 2304 885 2383 augeatur
915 2298 1308 2383 syllabarum
1354 2320 1698 2381 numerus,
1742 2299 2107 2383 plurativae
2156 2300 2323 2365 enim
2371 2300 2619 2365 formae

240 2427 386 2471 cum
429 2404 752 2486 integrum
797 2402 1162 2487 praebeant
1206 2402 1552 2487 dactylum,
1596 2403 1807 2486 poetis
1854 2408 1920 2467 et
1964 2404 2163 2487 epicis
2205 2408 2271 2469 et
2318 2402 2619 2487 elegiacis

241 2515 429 2575 erant
485 2506 913 2591 gratissimae.
959 2544 1040 2553 —
1089 2505 1271 2571 Haec
1314 2505 1516 2571 habui
1564 2527 1733 2589 quae
1792 2506 2074 2572 dicerem
2121 2508 2201 2572 de
2242 2506 2623 2573 nominativi

245 2618 312 2679 et
356 2611 711 2677 accusativi
756 2632 896 2689 usu,
958 2610 1070 2693 qui
1110 2631 1301 2675 casus
1357 2610 1675 2695 imprimis
1734 2610 2151 2675 adhibentur..
2234 2595 2620 2694 Priusquam

243 2722 461 2782 autem
507 2714 591 2779 ad
623 2713 754 2779 alia
779 2719 1205 2794 transeamus,
1250 2734 1464 2798 pauca
1495 2714 1575 2779 de
1607 2715 1843 2779 ceteris
1874 2713 2133 2780 casibus
2178 2714 2618 2798 proferamus;

241 2840 392 2885 nam
461 2818 656 2883 etiam
727 2817 851 2882 hac
915 2837 988 2881 re
1055 2823 1396 2901 poetarum
1472 2818 1791 2883 rationem
1861 2818 2176 2883 illustrari
2245 2816 2619 2883 videbimus.

243 2920 548 2987 Ablativo
595 2918 960 3003 singularis,
1007 2942 1152 2985 cum
1193 2942 1440 2985 merum
1487 2921 1749 3005 expleat
1778 2919 2105 3006 dactylum
2134 2958 2219 2969 ——·
2247 2921 2488 2987 lumine
2520 2960 2621 3000 —,

241 3046 370 3091 non
413 3024 625 3089 minus
660 3023 882 3088 favent
909 3029 1144 3107 poetae
1176 3044 1371 3107 quam
1418 3025 1679 3090 casibus
1708 3024 1837 3090 illis
1881 3023 2227 3109 pluraliter
2268 3026 2617 3108 usurpatis.

241 3128 488 3197 Contra
549 3125 874 3192 ablativus
935 3126 1210 3211 pluralis
1273 3128 1604 3193 rarissime
1669 3128 1993 3212 reperitur
2063 3150 2202 3193 cum
2276 3127 2621 3211 singularis

241 3252 437 3298 sensu
476 3230 801 3315 (exempla
844 3231 912 3294 in
954 3230 1166 3297 indice
1211 3236 1364 3297 sunt
1396 3231 1756 3316 adnotata).
1834 3232 2105 3297 Dativus
2153 3232 2499 3316 singularis
2535 3268 2622 3279 -

242 3336 471 3401 lumini
503 3372 583 3383 —
616 3356 764 3399 cum
809 3335 1091 3418 speciem
1139 3336 1363 3400 cretici
1410 3335 1729 3415 ostendat,
1774 3356 2044 3419 prorsus
2076 3357 2115 3400 a
2144 3341 2353 3402 metro
2398 3336 2620 3422 dacty-

240 3440 366 3504 lico
413 3437 740 3518 abhorret,
795 3438 1098 3503 nimirum
1145 3446 1224 3503 ex
1270 3459 1398 3523 quo
1444 3438 1620 3523 leges
1667 3438 1951 3525 elisionis
1996 3440 2337 3505 severioris
2380 3439 2619 3505 valent.

241 3543 367 3622 Qui
426 3546 884 3625 compensatur
947 3541 1220 3627 pluralis
1292 3542 1510 3608 dativo
1571 3580 1656 3591 -
1712 3542 1821 3608 hic
1882 3548 2096 3609 autem
2161 3549 2236 3608 ut
2300 3542 2621 3609 ablativus

241 3645 516 3730 pluralis
579 3666 707 3709 non
771 3645 900 3709 nisi
955 3650 1106 3711 ante
1170 3666 1518 3711 consonam
1577 3646 1794 3711 versui
1855 3648 2332 3712 accommodari
2388 3654 2620 3733 potest.

245 3747 600 3814 Genetivus
657 3747 1004 3831 singularis
1063 3750 1175 3833 qui
1233 3756 1385 3815 ante
1433 3770 1748 3815 consonas
1808 3751 2119 3816 creticum
2168 3750 2368 3817 efficit-
2414 3773 2620 3837 eoque

241 3856 450 3917 metro
508 3856 849 3935 repugnat,
932 3873 1077 3917 cum
1131 3852 1466 3919 vocalibus
1539 3854 1916 3920 commissus
1978 3860 2187 3920 metro
2247 3861 2439 3940 aptus
2502 3863 2618 3922 est.

243 3954 596 4021 Genetivus
640 3955 914 4039 pluralis
959 3962 1178 4021 autem
1225 3978 1371 4021 cum
1430 3958 1742 4022 creticum
1793 3958 1861 4021 in
1903 3979 1973 4023 se
2020 3959 2351 4023 contineat
2410 3980 2621 4043 neque

241 4079 380 4124 -um
443 4058 966 4133 terminationem
1041 4059 1283 4126 elidere
1356 4061 1745 4144 permissum
1811 4062 1926 4140 sit,
2007 4062 2264 4127 omnino
2329 4084 2370 4127 a
2428 4083 2621 4129 versu

243 4160 544 4227 exclusus
588 4168 702 4227 est.
795 4161 951 4227 Cum
1002 4164 1071 4227 in
1131 4164 1588 4248 monosyllabis
1656 4165 1893 4229 tert-iae
1954 4164 2401 4232 declinationis
2448 4167 2621 4232 simi-

240 4265 392 4331 liter
435 4287 540 4330 res
581 4286 650 4330 se
694 4266 954 4345 habeat,
998 4267 1252 4332 silentio
1301 4288 1379 4331 ea
1423 4272 1850 4333 transeamus.
1910 4268 2171 4333 ·Restat
2204 4274 2280 4333 ut
2325 4269 2405 4335 de
2448 4292 2619 4336 mas-

243 4368 444 4434 culini
506 4373 572 4435 et
630 4368 921 4434 feminini
978 4370 1232 4455 generis
1289 4369 1654 4436 nominibus
1715 4391 2018 4455 agamus3
2093 4392 2224 4455 qua
2288 4374 2354 4438 in
2412 4396 2482 4441 re
2543 4396 2619 4440 eo

246 4471 473 4538 ordine
517 4476 794 4554 utemur,
839 4478 914 4539 ut
959 4472 1248 4559 singulas
1288 4474 1756 4541 declinationes
1795 4473 2282 4559 perlustremus.
