3325 5359
1262 333 1692 394 ..27-

290 527 458 591 quae
525 502 899 568 mollissima
954 502 1136 568 fandi
1191 502 1548 586 Tempora’.
1654 500 2105 566 Tibullus
2164 501 2226 566 11
2281 503 2349 578 4,
2415 505 2491 566 19
2554 498 2659 563 ‘ad

290 610 614 675 dominam
664 607 1162 693 facilesvaditus
1219 628 1338 690 per
1383 605 1672 671 carmina
1710 605 1991 688 quaero'.
2082 603 2431 670 Ovidius
2476 603 2663 686 epist.

290 715 474 781 XVII
517 719 601 779 44
647 713 721 778 ‘si
764 713 910 796 quis
953 711 1076 776 tibi
1124 710 1426 776 claudere
1471 710 1669 775 vellet
1699 707 2223 795 aeriosvaditus'.
2313 707 2493 772 Rem.
2545 712 2666 772 120

290 817 608 884 ‘difficiles
655 816 871 882 aditus
918 817 1200 899 impetus
1246 815 1452 880 omnis
1498 814 1736 879 babet’.
1818 813 1971 881 Met.
2012 812 2136 877 XII
2178 817 2259 877 66
2300 810 2668 894 ‘prohibent

295 922 512 987 aditus
584 921 870 1002 litusque
944 919 1248 999 tuentur’‚
1324 940 1410 984 sc.
1470 918 1675 984 hostis
1737 918 1945 983 classe
2010 916 2289 997 advecti3
2365 914 2478 979 cfr.
2540 913 2668 979 Cic.
2725 943 2735 952 ·

291 1027 474 1092 Verr.
523 1024 611 1090 VI
657 1029 714 1090 6.
803 1022 988 1087 Pont.
1039 1022 1132 1086 III
1178 1027 1234 1102 3,
1281 1028 1356 1088 91
1408 1022 1652 1086 ‘faciles
1698 1021 1915 1086 aditus
1980 1020 2256 1106 praebet
2297 1017 2669 1083 venerabile

291 1128 654 1212 templum’3
723 1147 780 1190 a.
825 1146 882 1190 a.
930 1126 959 1190 1
1013 1129 1128 1191 163
1197 1125 1334 1190 ‘hos
1403 1125 1618 1190 aditus
1688 1126 2027 1208 circusque
2089 1144 2254 1188 novo
2320 1119 2670 1206 praebebit

296 1231 539 1298 amori’.
587 1231 680 1295 ΙΙΙ
724 1235 848 1295 442
893 1229 1174 1294 fortasse
1219 1229 1485 1313 proprio
1529 1249 1741 1294 sensu.

467 1353 910 1436 aequoral)
960 1389 1036 1398 —-
1085 1349 1426 1437 nsidyffl).
1517 1348 1674 1414 Cum
1719 1349 1993 1433 pluralis
2048 1354 2113 1413 et
2170 1347 2517 1430 singularis
2581 1345 2664 1410 ab

299 1478 428 1522 uno
477 1456 830 1537 eodemque
874 1459 1071 1538 poeta
1113 1454 1480 1538 promiscue
1526 1453 1591 1519 in
1636 1473 1824 1518 usum
1870 1458 2137 1517 vocetur
2180 1452 2317 1516 sine
2362 1450 2493 1515 ullo
2525 1470 2670 1514 sen-

295 1561 540 1625 tentiae
598 1558 986 1637 discrimine,
1056 1557 1321 1622 difficile
1380 1563 1479 1625 est
1541 1557 1841 1622 omnibus
1905 1556 2065 1622 locis
2130 1576 2347 1619 veram
2417 1553 2669 1618 numeri

296 1667 594 1728 naturam
632 1661 1028 1744 intellegere.
1105 1661 1236 1727 Sed
1264 1661 1647 1745 plerumque
1680 1660 1952 1744 pluralis
1984 1659 2295 1725 dicendus
2328 1661 2427 1724 est
2463 1657 2669 1740 poeti-

297 1789 440 1832 cus:
496 1766 704 1831 forma
762 1765 1090 1849 plurative.
1147 1765 1358 1848 poetis
1409 1765 1476 1828 in
1529 1763 1825 1830 versibus
1878 1762 2336 1848 componendis
2389 1761 2670 1825 maxime

295 1876 442 1936 erat
478 1868 817 1936 commoda
867 1907 952 1918 —
997 1868 1221 1935 eodem
1267 1869 1459 1934 modo
1507 1873 1704 1951 atque
1758 1867 1885 1933 abl.
1930 1868 2113 1950 sing„
2159 1866 2270 1950 qui
2313 1885 2501 1930 casus
2542 1883 2670 1927 non

293 1975 504 2040 minus
551 1993 748 2056 saepe
807 1972 1130 2038 invenitur
1183 1977 1249 2036 et
1291 1973 1356 2036 in
1402 1973 1474 2036 V.
1510 1977 1576 2036 et
1607 1972 1654 2035 I.
1699 1970 2064 2036 hexametri
2102 1968 2287 2053 pede.
2332 2007 2417 2018 —
2460 1968 2667 2034 Sensu

189 2077 193 2081 ’
291 2077 604 2163 primario
641 2097 779 2161 pro
826 2076 1058 2160 plani
1079 2076 1195 2140 tie
1225 2081 1458 2160 poetae
1491 2074 1801 2140 exhibent
1832 2095 1974 2139 cum
2009 2074 2354 2156 singularis
2384 2072 2663 2137 notione.

293 2182 543 2247 Primus
631 2180 947 2244 Ennius
1021 2200 1171 2263 pps
1256 2182 1326 2242 A.
1388 2183 1508 2244 137
1567 2179 1608 2242 i.
1654 2179 1729 2244 V.
1789 2200 1850 2262 p.
1939 2177 2183 2242 Eodem
2240 2197 2465 2241 versus
2522 2175 2669 2238 loco

293 2284 748 2350 Lucretius
786 2283 878 2347 111
916 2285 1079 2350 1002
1124 2288 1431 2366 ‘aequora
1475 2283 1725 2367 campi’.
1771 2282 1859 2347 IV
1895 2287 2013 2348 108
2057 2287 2365 2364 ‘aequora
2409 2277 2667 2343 mundi’.

293 2390 472 2454 Haec
515 2408 640 2453 vox
685 2387 881 2452 etiam
941 2386 1024 2451 ad
1080 2407 1300 2452 mare
1363 2386 1802 2451 denotandum
1860 2385 2233 2466 exhibetur;
2307 2403 2457 2468 pps
2515 2379 2667 2445 inde

294 2491 376 2558 ab
429 2491 693 2556 Ennio
739 2491 812 2554 A.
861 2495 1006 2556 478.
1097 2490 1550 2556 Lucretius
1615 2489 1941 2572 ‘aequora’
2000 2489 2181 2572 ponti
2240 2489 2271 2551 I
2316 2491 2371 2554 8.
2416 2487 2479 2550 II
2526 2489 2666 2550 772.

293 2596 382 2661 VI
418 2601 562 2660 440.
632 2594 808 2659 Idem
868 2593 1299 2676 Vergilius
1359 2615 1452 2677 ge.
1501 2594 1532 2657 I
1573 2595 1700 2660 469
1762 2598 1828 2658 et
1891 2581 2287 2657 Tibullus
2341 2590 2435 2654 III
2481 2595 2539 2668 4,
2584 2593 2665 2654 85

293 2705 460 2763 ‘nam
492 2704 558 2762 te
592 2748 604 2762 .
639 2747 652 2762 .
691 2703 1052 2780 genuerunt
1081 2717 1368 2780 aequora
1406 2697 1604 2780 ponti’
1635 2736 1713 2746 —
1742 2717 1995 2780 semper
2024 2696 2090 2760 in
2117 2696 2187 2760 V.
2212 2695 2394 2780 pede.
2462 2694 2666 2773 Quem

298 2823 522 2866 versus
568 2801 813 2866 exitum
860 2800 942 2864 ad
974 2801 1165 2865 Ennii
1196 2807 1504 2883 ‘aequora
1549 2801 1780 2884 campi’
1822 2805 2121 2883 spectare
2166 2803 2342 2882 puto.
2406 2798 2668 2863 Inverso

294 2903 638 2994 verborum
672 2903 896 2968 ordine
929 2902 1103 2987 apud
1132 2904 1320 2967 Lucr.
1353 2904 1439 2968 IV
1474 2909 1597 2971 410
1631 2910 1697 2968 et
1720 2905 1774 2968 V
1805 2909 1989 2970 1001.
2021 2904 2082 2967 II
2114 2909 2166 2966 1.
2234 2901 2385 2967 Sine
2417 2899 2667 2965 addita-

297 3012 514 3072 mento
561 3006 734 3090 quod
781 3027 961 3070 mare
1010 3006 1292 3078 denotat,
1354 3012 1536 3071 extat
1577 3007 1869 3090 pluralis,
1914 3005 2149 3089 quibus
2192 3006 2354 3069 locis
2397 3002 2670 3087 pluralis

294 3117 532 3176 natura
560 3130 716 3174 vera
747 3108 1163 3174 difficilis-est
1194 3110 1478 3192 cognitu,
1518 3109 1784 3174 Lucr.II
1820 3113 1961 3173 766.
1997 3109 2048 3173 V
2068 3113 2209 3174 266.
2238 3111 2378 3172 388.
2410 3106 2499 3171 VI
2523 3109 2665 3170 624.

299 3217 350 3281 V
381 3219 563 3280 1227.
611 3213 934 3295 Vergilius
966 3213 1112 3296 ge.l
1145 3217 1286 3279 206.
1332 3214 1426 3278 III
1454 3218 1596 3278 201.
1636 3218 1780 3280 261.
1826 3216 1897 3279 Α.
1930 3212 1959 3276 Ι
1990 3217 2091 3277 43.
2148 3216 2284 3276 142.
2339 3215 2475 3276 154.
2528 3211 2667 3273 164.

294 3319 357 3385 II
405 3323 504 3384 69.
553 3317 695 3386 176.
743 3322 887 3382 419.
933 3316 1028 3382 111
1079 3321 1220 3381 197.
1269 3320 1394 3382 290
1441 3317 1759 3382 ‘certatim
1806 3316 1966 3381 socii
2010 3315 2256 3380 feriunt
2315 3333 2541 3379 mare
2604 3315 2670 3376 et

276 3413 664 3505 ‘aequora
729 3420 1032 3486 verrunt’.
1136 3419 1314 3485 Idem
1368 3421 1419 3485 V
1469 3426 1610 3486 378.
1680 3426 1826 3486 403.
1894 3425 2018 3486 413
2088 3420 2295 3483 ‘laeva
2360 3421 2671 3501 petantur

274 3529 721 3610 Aequora,
780 3524 1082 3590 dextrum
1138 3525 1288 3607 fuge
1345 3525 1500 3589 litus
1560 3530 1703 3590 662.
1774 3530 1916 3592 668.
1967 3530 2107 3589 778.
2187 3523 2275 3589 IV
2332 3525 2473 3586 240.
2524 3525 2667 3584 255.

302 3634 424 3695 523
473 3638 688 3694 ‘saeva
732 3629 1035 3712 quierant
1083 3629 1408 3711 aequora'.
1495 3629 1552 3695 V
1584 3633 1727 3693 235.
1776 3633 1896 3695 763
1946 3631 2339 3692 ‘straverunt
2382 3631 2671 3707 'aequora

295 3733 509 3798 venti'.
557 3736 700 3800 843.
757 3732 846 3798 VI
897 3738 1035 3798 171.
1090 3739 1213 3798 355
1260 3731 1398 3815 (ubi
1445 3732 1525 3796 de
1570 3732 2011 3816 compluribus
2067 3752 2323 3814 quoque
2381 3725 2671 3792 maribus

299 3835 574 3918 cogitari
617 3839 852 3919 potest,
916 3836 1203 3918 itemque
1263 3837 1433 3919 692).
1527 3836 1642 3899 VII
1690 3842 1746 3900 7.
1809 3840 1932 3900 728
1991 3834 2427 3917 ‘Sidicinaque
2483 3833 2670 3895 iuxta

297 3939 637 4022 Aequora’.
695 3938 847 4005 VIII
894 3943 1036 4004 674.
1083 3939 1176 4007 IX
1220 3946 1346 4006 119
1385 3938 1717 4004 ‘demersis
1764 3960 2053 4022 aequora
2096 3939 2327 4004 rostris
2376 3937 2513 4000 Ima
2556 3954 2667 4016 pe-

295 4048 479 4108 tunt’.
571 4042 630 4106 X
665 4047 790 4108 660
821 4041 963 4125 (cfr.
999 4047 1121 4108 665
1169 4063 1296 4125 quo
1341 4043 1484 4108 loco
1528 4042 1608 4107 de
1639 4042 1863 4108 eodem
1910 4043 2073 4106 mari
2120 4047 2302 4108 extat
2346 4038 2667 4123 ‘aequore’

468 4234 520 4299 1)
556 4231 744 4300 Appel
765 4250 820 4301 p.
843 4233 922 4284 17.
967 4230 1154 4302 Spitta
1173 4232 1258 4284 45.
1300 4231 1683 4285 Braumueller
1706 4230 1739 4284 Ι
1767 4233 1845 4285 12.
1884 4231 2291 4286 Overholthaus
2314 4234 2363 4285 6.
2402 4229 2597 4284 Hailer
2618 4234 2669 4283 4.

295 4317 479 4387 Slotty
518 4318 736 4371 14-15.
775 4321 859 4372 40.
894 4319 980 4370 48.
1034 4317 1292 4370 Bednara
1330 4318 1449 4371 555.

295 4506 421 4542 rum
455 4401 744 4545 ggfixintte
769 4407 800 4457 7
827 4406 934 4458 etc.
961 4402 1192 4472 pluralis
1216 4402 1376 4472 >apud
1396 4402 1707 4458 Homerum
1733 4421 1841 4457 uno
1879 4407 2096 4458 tantum
2132 4405 2259 4458 loco
2298 4422 2321 4457 ε
2357 4405 2475 4472 335,
2511 4402 2669 4455 nimi-
