3325 5359
1205 378 1638 436 —21-

232 565 354 609 usu
403 542 722 625 pedestris
783 545 1095 610 orationis
1157 546 1313 611 data
1361 568 1484 611 non
1533 552 1648 611 est.
1720 546 1851 613 'De
1898 547 2615 633 appositionibusergo

230 649 572 733 plurativis
619 670 832 733 pauca
863 651 1211 734 proferam,
1259 672 1426 735 quae
1470 651 1537 715 in
1569 650 1986 717 offensionem
2034 658 2323 717 nostram
2356 654 2615 734 cadunt,

231 754 386 836 quia
433 753 515 817 ad
559 754 835 819 nominis
878 756 1273 837 singularem
1320 755 1705 821 referendae
1750 762 1917 820 sunt.
1990 757 2206 821 Etiam
2253 759 2321 822 in
2362 758 2490 823 hac
2520 759 2615 824 di-

231 857 420 922 cendi
479 859 732 923 ratione
783 858 1036 942 poetae
1079 860 1349 924 Romani
1411 860 1647 925 imitati
1714 866 1865 924 sunt
1926 860 2227 927 Graecos
2334 864 2477 941 Qua
2536 862 2616 927 de

231 983 432 1026 causa
479 983 621 1026 cum
670 963 734 1026 in
781 968 922 1027 tota
961 963 1234 1047 pluralis
1276 965 1516 1048 poetici
1549 964 1930 1047 quaestione
1962 965 2271 1030 solvenda
2300 966 2617 1049 imprimis

229 1065 316 1129 ad
349 1066 749 1131 Graecorum
797 1089 996 1133 usum·
1031 1068 1368 1133 intendere
1401 1069 1648 1133 animos
1680 1090 1942 1133 necesse
1988 1070 2091 1149 sit,
2137 1069 2331 1133 etiam
2377 1071 2442 1133 in
2490 1071 2617 1136 hac

228 1191 300 1234 re
347 1170 625 1252 primum
676 1172 975 1254 exempla
1032 1172 1209 1256 paris
1254 1194 1412 1237 usus
1453 1173 1895 1237 examinemus
1955 1174 2067 1255 qui
2111 1173 2287 1256 apud
2330 1173 2476 1238 illos
2524 1174 2615 1238 fit.

229 1274 554 1338 Homerus
601 1274 848 1357 primus
912 1275 1823 1359 plurativam'appositionem
1874 1274 1999 1340 sibi
2044 1278 2364 1341 concessit
2396 1284 2454 1343 Y
2491 1281 2615 1343 268

231 1376 476 1463 χρυσὸς
520 1376 647 1464 γὰρ
703 1377 1001 1463 ἐρύκακε,
1062 1384 1244 1465 δῶρα
1289 1389 1498 1448 θεοῖο.
1582 1380 1820 1462 Theog.
1873 1385 2034 1445 1293
2094 1380 2329 1466 γάμον,
2373 1391 2629 1469 χρυσῆς,

217 1479 608 1568 Ἀφροδίτης
655 1490 881 1567 Δῶρα.
972 1484 1085 1547 Hs,
1125 1505 1210 1548 sc.
1260 1489 1382 1548 312
1428 1488 1679 1569 τρίπος,
1726 1483 1932 1551 κλυτὰ
1998 1484 2157 1569 ἔργα
2210 1489 2620 1569 περίφρονος

222 1584 640 1670 ’Ἡφαίστοιο
717 1585 910 1670 Soph.
957 1586 1118 1651 Phil.
1154 1594 1232 1653 35
1281 1585 1446 1656 αὐτὸ
1493 1588 1694 1668 ξυλόν
1737 1584 1789 1672 γ’
1843 1588 2133 1673 ἔκπωμα,
2179 1594 2622 1673 φλαυρουγοῦ

231 1688 412 1768 τινός
501 1688 852 1777 Τεχνήματ’
917 1688 1211 1776 ἄνδρος’.
1321 1692 1471 1755 Eur.
1529 1692 1724 1774 Hipp.
1789 1697 1855 1756 11
1916 1688 2338 1772 Ἱππόλυτος,
2405 1689 2620 1778 ἄγνου

233 1783 541 1873 Πίτθὲως
584 1792 1018 1880 παιδεύματα.
1097 1795 1306 1860 Orest.
1343 1801 1505 1861 1053
1547 1797 1658 1863 καὶ
1701 1802 1925 1881 μνῆμα
1957 1790 2199 1875 δέξαιθ’
2238 1796 2330 1876 ἕν,
2373 1796 2619 1878 κέδρου

229 1896 662 1983 τεχνάσματα.
734 1898 1022 1963 Eandem
1057 1898 1314 1964 dicendi
1361 1900 1679 1963 rationem
1712 1900 1777 1963 in
1809 1904 2149 1982 poetarum
2178 1899 2615 1963 Romanorum

233 2022 530 2065 sermone
602 2002 992 2082 invenimus,
1050 2002 1165 2067 ubi
1223 2003 1476 2067 initium
1529 2003 1850 2085 Vergilius
1908 2002 2065 2066 fecit
2102 2000 2233 2084 qui
2287 2002 2354 2066 in
2404 2006 2515 2067 Ae.
2562 2003 2616 2067 V

234 2110 358 2171 359
404 2104 564 2169 dicit
612 2102 919 2190 ‘clipeum
983 2106 1200 2171 efferri
1260 2107 1466 2185 iussit,
1530 2106 1951 2191 Didymaonis
2010 2102 2215 2183 artis',
2291 2127 2418 2188 quo
2475 2105 2617 2171 loco

231 2207 860 2291 Ladewigus‘artis’
900 2212 1264 2293 genetivum
1302 2210 1466 2275 false
1511 2209 2012 2293 intellegendum
2052 2231 2192 2274 esse
2240 2216 2460 2273 censet
2497 2230 2617 2292 pro

235 2313 607 2378 accusativo
651 2313 942 2396 pluralis,
1023 2313 1250 2396 Neque
1283 2314 1367 2377 ad
1399 2335 1582 2377 suam
1615 2314 1980 2396 opinionem
2012 2312 2402 2377 fulciendam
2449 2312 2621 2377 hunc

237 2417 449 2480 locum
499 2437 880 2500 comparare
928 2417 1212 2482 debebat
1257 2438 1400 2482 cum
1435 2421 1545 2482 Ae.
1577 2417 1731 2482 VIII
1763 2422 1883 2481 377
1922 2415 2134 2481 ‘arma
2175 2417 2399 2499 rogavi
2444 2418 2621 2481 Artis

233 2521 505 2603 opisque
572 2520 758 2585 tuae’
820 2542 1031 2603 neque
1098 2543 1242 2585 cum
1303 2521 1496 2604 Prop.
1557 2521 1651 2585 III
1699 2527 1755 2600 9,
1803 2526 1885 2585 42
1942 2519 2305 2584 ‘Palladiae
2369 2519 2621 2602 ligneus

234 2624 396 2688 artis
467 2625 724 2706 equus'.
837 2625 1140 2690 Eiusdem
1212 2626 1465 2707 generis
1527 2624 1891 2708 exemplum
1954 2612 2159 2688 habes
2221 2627 2331 2688 Ae.
2393 2624 2481 2688 VI
2538 2625 2619 2689 26

221 2726 662 2792 ‘Minotaurus
723 2729 921 2808 inest,
1008 2729 1280 2794 Veneris
1345 2735 1762 2793 monumenta
1824 2726 2194 2805 nefandae’,
2256 2731 2321 2791 et
2389 2727 2472 2792 VI
2542 2731 2621 2792 10

223 2829 749 2924 ‘horrendaeque
794 2833 1022 2915 procul
1070 2838 1324 2897 secreta
1370 2832 1675 2917 Sibyllae,
1722 2835 1991 2896 Antrum
2039 2832 2338 2910 immane,
2405 2831 2620 2914 petit’.

238 2934 325 2999 VI
375 2938 494 2999 179
531 2932 692 2999 ‘itur
736 2936 801 2999 in
849 2936 1184 3018 antiquam
1229 2937 1474 3015 silvam,
1527 2934 1786 3000 stabula
1834 2936 1969 2998 alta
2014 2933 2351 2998 ferarum’.
2441 2934 2616 2999 Idem

237 3058 392 3101 usus
439 3038 614 3102 valet
661 3038 833 3121 apud
879 3039 1290 3122 Propertium
1339 3040 1426 3104 IV
1477 3046 1531 3117 1,
1586 3045 1662 3104 10
1697 3036 1892 3102 ‘unus
1936 3043 2078 3102 erat
2121 3037 2420 3115 fratrum,
2486 3058 2621 3102 ma-

234 3142 412 3206 xima
460 3163 692 3224 regna,
761 3142 994 3221 focus’‚
1057 3149 1123 3208 et
1183 3143 1355 3227 apud
1405 3142 1701 3208 Ovidium
1751 3143 1933 3225 epist.
1980 3141 2075 3205 111
2123 3145 2243 3206 149
2282 3138 2620 3220 ‘no'stram‚

237 3252 356 3310 tua
403 3267 704 3327 munera,
764 3247 995 3312 vitam’
1057 3252 1348 3312 nostram
1396 3248 1436 3310 i.
1483 3268 1689 3311 meam
1756 3247 1867 3329 (sc.
1914 3244 2291 3327 Briseidos).
2400 3244 2489 3309 XI
2539 3249 2617 3311 19

226 3340 580 3427 ‘infestum,
613 3349 915 3414 funebria
945 3371 1231 3428 munera,
1263 3350 1557 3415 ferrum'.
1641 3349 1881 3432 Sappb.
1912 3354 2025 3413 181
2053 3346 2309 3432 ‘chelyn
2338 3347 2617 3439 Phoebe,

239 3453 605 3517 communia
648 3475 938 3532 munera,
981 3474 1220 3537 ponam
1237 3454 1271 3534 ’,
1319 3476 1442 3519 am.
1475 3453 1567 3518 III
1595 3458 1652 3531 8,
1697 3459 1777 3518 50
1815 3448 2111 3531 'caelum,
2157 3452 2354 3516 tertia
2400 3472 2644 3534 regna,-

237 3557 454 3640 petis’,
501 3562 649 3621 met.
682 3558 798 3622 XV
829 3562 948 3623 163
973 3556 1274 3640 ‘cognovi
1308 3558 1601 3641 clipeum,
1629 3556 1857 3620 laevae
1900 3556 2279 3638 gestamina,
2327 3556 2616 3621 nostrae’

238 3681 516 3743 quocum
580 3662 875 3745 exemplo
940 3682 1278 3745 compares
1319 3663 1506 3743 Verg.
1553 3665 1664 3725 Ae.
1707 3661 1801 3726 III
1862 3664 1987 3725 286
2030 3657 2349 3742 ‘clipeum,
2403 3660 2622 3742 magni

240 3767 574 3845 gestamen
619 3762 892 3829 Abantis
913 3770 948 3842 ’,
1005 3763 1118 3829 ubi
1178 3768 1375 3848 poeta
1434 3770 1584 3829 ante
1644 3762 1931 3828 vocalem
1996 3763 2385 3844 singularem
2432 3764 2499 3826 in
2549 3764 2617 3827 V.

237 3888 300 3949 p.
347 3867 562 3930 versui
619 3867 968 3932 immittere
1020 3864 1296 3952 poterat.
1355 3906 1442 3915 —-
1495 3867 1642 3933 fast.
1690 3867 1774 3932 VI
1826 3871 1943 3932 611
1982 3864 2355 3948 ‘templum,
2415 3867 2619 3930 moni-

236 3975 460 4034 menta
514 3971 720 4053 patris
740 3970 772 4053 ’,
833 3972 1018 4054 epist.
1066 3972 1222 4035 XIII
1271 3977 1391 4037 159
1430 3969 1827 4054 ‘corpusque
1885 3976 2088 4047 tuum,
2146 3990 2291 4033 mea
2336 3970 2618 4049 numina,

235 4073 412 4139 iuro’
461 4074 846 4157 (Laodamia
899 4074 976 4139 de
1021 4075 1424 4157 Protesilao).
1481 4076 1648 4139 trist.
1690 4075 1752 4138 II
1800 4080 1922 4141 179
1959 4071 2361 4154 ‘fulmenque
2416 4078 2618 4151 tuum,

237 4178 378 4241 fera
424 4176 576 4257 tela,
639 4177 918 4243 reconde
937 4179 970 4257 ⁹⁴,
1029 4184 1179 4242 met.
1227 4180 1285 4243 X
1337 4184 1456 4244 197
1492 4174 1724 4257 ‘tuum,
1786 4198 1929 4241 mea
1988 4176 2276 4255 crimina,
2336 4175 2617 4240 vulnus’.

235 4280 638 4345 Posteriores
700 4302 956 4364 quoque
1018 4288 1252 4366 poetae
1312 4282 1480 4346 hanc
1531 4281 1876 4345 dictionem
1920 4280 2159 4343 imitati
2216 4286 2384 4357 sunt,
2444 4279 2620 4343 velut

237 4384 433 4449 Silius
475 4384 746 4449 Italicus
775 4385 864 4448 VI
897 4390 1020 4450 648
1055 4383 1410 4467 ‘ingentem
1441 4435 1454 4448 .
1488 4435 1502 4449 .
1535 4391 1814 4464 taurum,
1853 4384 2039 4448 Dona
2085 4383 2323 4464 Iovis’3
2369 4383 2617 4447 Statius

237 4486 438 4553 Theb.
483 4486 548 4554 ΙΙ
595 4493 718 4554 586
756 4486 1004 4554 ‘ensem
1051 4536 1104 4553 ..
1131 4538 1146 4553 .
1189 4488 1512 4553 Mavortia
1557 4486 1876 4553 munera’.
