3325 5359
1688 306 2117 367 ...24—

619 472 624 475 ’
713 470 944 554 pedem
1003 472 1284 539 animum
1345 473 1624 540 intendit
1670 479 1737 539 et
1794 476 2063 555 curavit,
2123 483 2198 543 ut
2243 498 2466 544 versus
2512 499 2553 543 a
2595 500 2777 544 mero
2837 480 3101 567 dactylo

711 584 1088 669 inciperent.
1162 578 1432 644 Accedit
1457 583 1534 643 ut
1562 578 1882 663 pluralem
1932 581 2258 663 poeticum
2290 587 2640 667 usurparet
2666 584 2735 648 in
2764 586 3089 653 nonnullis

713 686 1063 765 vocabulis,
1117 703 1285 767 quae
1347 688 1542 747 antea
1601 703 1749 747 cum
1809 683 1923 748 illa
1976 684 2242 749 licentia
2304 686 2368 749 in
2425 709 2613 753 usum
2676 695 2910 755 vocata
2969 712 3103 755 non

713 796 916 859 erant.
1005 786 1468 853 Lucretius
1513 787 1710 851 etiam
1755 788 2066 853 maiorem
2116 809 2339 855 curam
2389 791 2694 856 attribuit
2737 791 3105 860 hexametri

709 896 895 963 initio
927 899 994 959 et
1025 893 1250 978 quinto
1294 890 1470 975 pedi3
1520 910 1725 973 quare
1768 891 1829 955 ei
1872 911 2106 974 magno
2153 899 2341 958 erant
2386 894 2759 961 adiumento
2804 896 3094 980 plurales

710 999 980 1088 poetici,
1052 1017 1326 1081 quorum
1391 1015 1731 1060 numerum
1807 996 2007 1060 auxit.
2112 998 2187 1061 In
2246 998 2616 1063 universum
2673 999 2839 1065 haec
2898 1002 3099 1067 etiam

712 1106 807 1172 de
852 1101 1196 1169 Catullo
1243 1097 1520 1164 dicenda
1565 1104 1733 1163 sunt.
1825 1098 2009 1165 Nova
2052 1106 2267 1165 81110111
2314 1102 2585 1185 pluralis
2630 1104 2869 1187 poetici
2916 1111 3103 1171 aetas

710 1208 940 1293 incipit
1003 1226 1044 1270 a
1105 1198 1465 1269 Tibullo·
1515 1206 1582 1268 et
1624 1202 2029 1286 Vergilio.
2140 1204 2335 1270 Cuius
2404 1206 2824 1272 fundamenta
2882 1210 3105 1293 posita

711 1318 863 1381 sunt
894 1310 1112 1378 Sullae
1143 1306 1567 1391 temporibus,
1611 1327 1693 1371 ex
1731 1327 1859 1389 quo
1903 1306 2080 1389 leges
2127 1308 2410 1374 elisionis
2443 1310 2702 1390 vetitae,
2749 1311 2828 1376 de
2859 1312 3101 1396 quibus

711 1438 913 1500 supra
942 1414 1313 1481 accuratius
1343 1413 1613 1493 egimus,
1657 1409 1893 1475 valent.
1966 1412 2109 1489 Qua
2150 1433 2222 1477 re
2261 1411 2559 1478 effectum
2601 1419 2716 1494 est,
2758 1420 2833 1480 ut
2860 1422 3101 1499 poetae

710 1520 1046 1597 facultate,
1100 1536 1268 1601 quae
1311 1516 1392 1580 iis
1434 1516 1502 1579 in
1533 1514 1801 1579 vocibus
1832 1516 2113 1580 omnium
2160 1516 2662 1582 declinationum
2694 1523 2761 1582 et
2790 1540 3101 1602 generum

711 1630 920 1691 metro
976 1620 1297 1706 dactylico
1343 1617 1912 1684 accommodandis
1958 1620 2236 1685 maxime
2282 1626 2426 1685 erat
2478 1622 2815 1687 commoda
2858 1624 3103 1706 privati

710 1728 796 1794 ad
842 1727 972 1791 alia
1019 1724 1264 1790 auxilia
1307 1722 1656 1805 confugere
1702 1720 2031 1788 deberent.
2108 1724 2295 1802 Quod
2340 1725 2393 1789 si
2424 1730 2638 1790 tecum
2670 1727 3100 1809 reputaveriS,

708 1830 1048 1915 intelleges
1079 1848 1207 1912 quo
1239 1826 1430 1892 modo
1462 1825 1710 1890 factum
1736 1825 1839 1904 sit,
1870 1830 1945 1889 ut
1972 1825 2322 1908 pluralium
2353 1829 2756 1912 poeticorum
2788 1850 3101 1895 numerus

709 1923 862 2001 inde
907 1932 989 1999 ab
1033 1932 1144 1997 illo
1188 1936 1484 2014 tempore
1527 1935 1871 2013 tantopere
1919 1936 2288 2011 augeretur.
2378 1931 2565 1997 Nunc
2611 1933 2781 1997 enim
2824 1955 2897 1999 re
2942 1954 3103 1999 vera

711 2040 792 2105 de
849 2038 1044 2104 metri
1102 2034 1491 2100 necessitate
1551 2032 1769 2098 dicere
1824 2053 2185 2117 possumus.
2282 2036 2510 2114 ,Quare
2558 2036 2881 2118 Vergilius
2949 2036 3101 2103 illas

708 2163 920 2222 voces,
983 2160 1255 2225 quarum
1303 2160 1459 2203 118118
1503 2136 1869 2221 plurativus
1914 2158 2061 2205 cum
2114 2138 2461 2221 singularis
2505 2141 2769 2205 'notione
2813 2140 2964 2205 inde
3010 2140 3103 2206 ab

709 2245 919 2311 Ennio
972 2243 1232 2328 publice
1273 2262 1480 2326 paene
1527 2246 1831 2324 receptus
1876 2246 2035 2321 erat,
2100 2240 2413 2307 adhibere
2456 2264 2586 2307 non
2631 2245 2793 2309 satis
2838 2244 3096 2325 habuit,

711 2349 826 2416 sed
869 2348 1065 2413 etiam
1111 2345 1195 2411 ad
1240 2346 1569 2409 nominum
1615 2364 1856 2427 genera
1906 2365 2077 2428 quae
2126 2350 2319 2409 antea
2347 2350 2424 2411 ut
2454 2346 2810 2429 singularia
2839 2353 3103 2413 1811111111

708 2451 1080 2519 hominibus
1128 2454 1317 2516 erant
1371 2454 1560 2528 nota,
1616 2448 1788 2541 hanc
1832 2447 2157 2513 licentiam
2204 2450 2544 2531 promovit.
2651 2452 2936 2530 Quorum
2984 2472 3105 2516 no-

713 2557 957 2623 minum
1006 2553 1308 2636 analogia
1339 2573 1483 2617 cum
1527 2552 1595 2616 in
1637 2551 1861 2634 lingua
1902 2552 2107 2616 latina
2150 2556 2443 2621 exstaret
2486 2552 2683 2634 nulla,
2733 2560 2931 2638 poeta
2974 2577 3107 2621 usu

710 2659 1038 2744 plurativo
1085 2678 1342 2722 sensum
1386 2660 1454 2720 et
1498 2676 1691 2720 aures
1730 2655 1955 2739 populi
2001 2653 2286 2719 offendit.
2340 2656 2469 2720 Sic
2512 2655 2619 2721 1110
2658 2678 2882 2723 versus
2912 2659 3105 2724 Bavii

710 2769 777 2829 et
820 2762 1055 2827 Maevii
1100 2765 1282 2825 ortus
1326 2764 1457 2837 est,
1519 2779 1650 2842 quo
1707 2759 1775 2825 in
1833 2758 2184 2823 ludibrium
2230 2760 2511 2824 vertitur
2564 2761 2935 2825 immanitas
2981 2763 3103 2828 1118

709 2866 1093 2933 verborum:
1127 2862 1406 2928 ‘hordea
1447 2861 1558 2945 qui
1609 2862 1769 2926 dicit
1814 2868 2112 2945 superest
2154 2868 2229 2926 ut
2273 2862 2495 2927 tritica
2540 2861 2761 2932 dicat'.
2804 2902 2881 2912 —
2915 2865 3103 2930 Ovi-

710 2970 896 3036 dius
945 2968 1014 3033 in
1061 2965 1458 3033 carminibus
1502 2964 1988 3049 compingendis
2042 2964 2129 3029 ad
2173 2986 2490 3030 summam
2544 2967 2789 3032 formae
2836 2968 3100 3051 elegan-

709 3074 869 3140 tiam
935 3072 1232 3157 pervenit
1299 3076 1366 3135 01
1425 3090 1646 3135 01111108
1692 3069 2129 3135 Romanorum
2201 3075 2431 3153 poetas
2492 3069 2681 3135 valde
2738 3072 2893 3136 vicit
2952 3078 3099 3137 arte

709 3199 846 3244 sua.
921 3178 1066 3256 Qua
1109 3174 1326 3241 effecit
1370 3179 1444 3239 ut
1491 3194 1717 3239 versus
1762 3172 2243 3255 elegantissime
2287 3172 2723 3256 facillimeque
2769 3175 3099 3241 caderent.

707 3282 852 3347 Hoc
894 3281 1179 3345 maxima
1223 3300 1304 3344 ex
1348 3283 1539 3362 parte
1569 3281 1909 3341 assecutus
1955 3281 2055 3341 est
2083 3276 2447 3359 pluralibus
2477 3278 2770 3361 poeticis,
2817 3300 3094 3362 (1110111111

706 3407 897 3451 11811111
943 3383 1026 3449 ad
1075 3403 1396 3449 summum
1446 3381 1633 3446 duxit
1676 3379 2028 3463 fastigium.
2134 3380 2277 3459 Qua
2319 3381 2387 3444 in
2431 3401 2502 3445 re
2565 3381 3097 3465 impedimentum

705 3489 956 3556 nullum
1001 3488 1131 3552 iam
1177 3485 1455 3565 obstitit,
1503 3506 1649 3550 cum
1700 3483 1972 3567 Vergilii
2018 3482 2432 3564 carminibuS,
2489 3504 2657 3567 quae
2701 3474 3098 3570 magnopere

707 3590 1315 3676 frequentabantur,
1359 3589 1652 3655 homines
1700 3587 1784 3653 ad
1816 3608 2036 3653 omnes
2065 3586 2353 3670 plurales
2399 3588 2689 3670 poeticos
2720 3589 3097 3657 tolerandos

709 3695 1148 3763 assuevissent
1189 3713 1400 3776 neque
1446 3692 1580 3757 ullo
1610 3692 1743 3757 iam
1774 3690 2273 3756 offenderentur.
2351 3690 2538 3770 Quod
2567 3692 2821 3774 priores
2862 3698 3099 3776 poetae

709 3800 886 3865 anxii
931 3803 998 3863 et
1041 3798 1168 3862 nisi
1210 3798 1402 3863 metri
1447 3796 1835 3861 necessitate
1868 3795 2079 3860 008011
2109 3815 2236 3859 11011
2270 3793 2625 3875 audebant,
2673 3796 2799 3861 hoc
2831 3796 3101 3863 Ovidius

710 3906 981 3987 propter
1027 3901 1552 3967 commoditatem
1598 3899 1976 3983 saepissime
2030 3897 2211 3962 nulla
2256 3918 2455 3963 causa
2507 3900 2781 3964 metrica
2827 3908 3099 3984 cogente

710 4007 837 4072 sibi
880 4005 1178 4089 permisit
1221 4010 1289 4070 et
1330 4004 1648 4087 imprimis
1692 4023 1957 4086 operam
2006 4000 2203 4081 dedit,
2260 4006 2334 4065 ut
2376 4022 2678 4067 versuum
2725 4004 3099 4089 rhythmum

713 4114 1002 4193 augeret,
1070 4128 1202 4191 qua
1245 4108 1312 4172 in
1357 4129 1429 4173 re
1470 4107 1837 4190 plurativae
1881 4104 2035 4169 illae
2079 4103 2327 4169 formae
2370 4110 2631 4189 poetam
2678 4107 2867 4173 valde
2914 4108 3099 4174 adiu-

708 4218 958 4279 verunt.
1053 4211 1240 4295 Apud
1285 4211 1585 4277 Ovidium
1647 4209 1835 4292 quasi
1896 4208 2003 4272 lex
2047 4212 2147 4272 est
2190 4208 2459 4287 sancita,
2524 4213 2599 4273 ut
2640 4210 2849 4292 primo
2894 4211 3097 4278 hexa-

710 4317 901 4382 metri
968 4317 1112 4382 loco
1179 4314 1475 4399 dactylus
1548 4333 1766 4377 merus
1834 4315 2125 4391 extaret3
2201 4316 2283 4391 et,
2358 4311 2412 4376 si
2469 4312 2679 4395 primo
2736 4313 2881 4378 loco
2944 4314 3097 4381 sub-

716 4420 1069 4486 stantivum
1129 4418 1427 4503 ponitur,
1483 4415 2000 4481 additamentum
2061 4414 2245 4501 sequi
2301 4415 2371 4478 in
2424 4415 2493 4479 V.
2553 4436 2615 4497 p.
2676 4437 2942 4483 necesse
3001 4423 3102 4483 est
