3325 5359
1231 300 1664 361 ...23—

259 476 334 538 ut
376 469 668 536 brevium
730 470 1122 556 syllabarum
1188 492 1522 536 numerum
1583 476 1918 556 augerent.
2010 470 2152 549 Qua
2206 470 2273 536 in
2320 492 2391 536 re
2434 492 2647 556 neque

261 597 500 662 operae
557 575 920 659 parcebant
979 596 1190 659 neque
1235 581 1412 641 artes
1458 576 1675 641 varias
1723 581 1789 640 et
1829 575 2030 656 dolce,
2077 579 2152 640 ut
2193 576 2289 641 ita
2334 576 2646 658 dicamne,

261 679 794 761 contemnebant3
855 680 950 744 sic
1006 679 1248 746 factum
1307 685 1406 744 est
1461 685 1536 745 ut
1590 684 1827 763 poetae
1884 680 2050 763 epici
2116 685 2182 746 et
2242 680 2510 763 elegiaci
2566 680 2650 745 ad

263 784 807 869 permutationem
867 783 1046 848 illam
1105 804 1521 849 numerorum
1581 783 2077 850 adducerentur.
2169 784 2352 864 Quod
2398 785 2465 849 in
2507 786 2651 850 uni-

261 910 516 954 versum
556 886 840 952 sufficiat
872 886 1133 953 dixisse.
1207 888 1394 953 Nunc
1424 888 1554 953 iam
1585 878 2008 971 inquiramuS,
2061 909 2188 972 quo
2221 888 2412 953 modo
2444 889 2649 972 magis

261 994 596 1075 magisque
657 992 930 1075 plu'ralis
989 990 1231 1075 poetici
1289 1013 1444 1057 usus
1498 991 1951 1071 increbruerit,
2015 996 2213 1075 atque
2260 992 2648 1075 incipiamus

263 1097 346 1161 ab
401 1097 628 1175 Enni0‚
689 1096 801 1177 qui
860 1100 960 1160 est
1012 1101 1204 1185 pater
1262 1096 1628 1161 hexametri
1675 1095 1891 1188 >latini
1938 1100 2003 1161 et
2060 1095 2331 1179 pluralis
2392 1096 2649 1179 poetici.

263 1199 390 1266 Sed
435 1200 502 1263 in
545 1219 749 1282 parvo
809 1204 1063 1264 tantum
1108 1198 1455 1264 verborum
1511 1219 1781 1264 numero
1840 1199 1966 1264 hac
2023 1199 2287 1264 licentia
2330 1220 2487 1265 usus
2532 1204 2647 1281 est,

262 1325 460 1388 quam
518 1304 893 1386 ceteroquin
953 1323 1030 1367 eo
1095 1302 1362 1366 evitavit
1433 1302 1607 1385 quod
1688 1303 1985 1369 elisiones
2012 1304 2062 1389 ¹)
2144 1302 2266 1367 sibi
2332 1304 2649 1369 concessit

260 1409 603 1492 plurimaS,
673 1407 910 1490 quibus
973 1406 1070 1471 uti
1134 1406 1608 1489 posterioribus
1672 1428 1801 1471 non
1864 1406 2135 1486 licebat,
2211 1412 2279 1471 et
2346 1407 2649 1491 spondeis

264 1514 543 1577 maxime
607 1511 887 1576 favebat.
995 1510 1102 1575 Sic
1167 1509 1409 1575 factum
1474 1516 1590 1592 est,
1661 1516 1737 1575 ut
1798 1510 1988 1575 Ennii
2054 1532 2278 1577 versus
2346 1511 2650 1595 spondeis

269 1616 678 1681 abundantes
736 1615 1120 1699 gravitatem
1170 1615 1496 1697 quandam
1542 1636 1703 1698 prae
1749 1635 1819 1679 se
1862 1615 2111 1679 ferrent
2156 1635 2365 1698 neque
2411 1615 2653 1680 duritia

265 1725 484 1786 essent
549 1724 898 1802 expertes·
957 1716 1142 1797 Quod
1211 1717 1470 1802 quidem
1537 1719 1685 1783 miri
1744 1718 1905 1784 nihil
1969 1718 2262 1802 praebet,
2331 1739 2473 1783 cum
2543 1740 2650 1783 ars

265 1826 682 1890 hexametros
721 1822 1174 1907 compingendi
1216 1823 1413 1888 fuerit
1460 1821 1692 1902 adhuc,
1736 1827 1810 1887 ut
1855 1822 1951 1887 ita
1996 1821 2225 1902 dicam,
2273 1822 2339 1886 in
2368 1823 2651 1905 pueritia

269 1934 337 1993 et
407 1928 634 2012 primis
708 1926 927 1991 initiis.
1055 1925 1272 1991 Nihilo
1344 1926 1555 1990 minus
1631 1947 1823 1991 aures
1896 1931 2159 1991 nostrae
2233 1924 2648 1991 offenduntur

269 2053 570 2097 versuum
633 2030 1198 2096 terminationibus
1253 2029 1480 2113 quales
1541 2035 1694 2093 sunt
1735 2029 1803 2097 A
1846 2034 1965 2095 201
2004 2027 2180 2094 ‘cum
2226 2030 2478 2112 magnis
2522 2029 2646 2095 dis’

267 2137 412 2221 (cfr.
460 2135 651 2218 Verg.
700 2136 808 2199 Ae.
859 2134 1009 2198 VIII
1057 2137 1210 2220 679)
1271 2140 1336 2199 et
1396 2138 1510 2198 191
1562 2132 1783 2198 ‘silvai
1840 2132 2218 2198 frondosa'i’.
2308 2134 2647 2214 Enniu8‚

268 2258 664 2323 quamquam
725 2258 987 2302 normas
1036 2258 1200 2321 quas
1261 2238 1542 2320 migrare
1581 2237 2054 2321 posterioribus
2100 2257 2477 2302 concessum
2520 2258 2648 2301 non

267 2348 429 2422 erat,
472 2363 602 2406 non
647 2361 798 2405 raro
843 2341 1131 2424 neglexit
1152 2341 1225 2426 Β),
1269 2346 1487 2406 tamen
1531 2341 1657 2405 iam
1707 2361 1971 2424 operam
2018 2340 2215 2420 dedit,
2271 2345 2343 2404 ut
2385 2341 2648 2423 quintus

269 2446 508 2513 heroici
554 2464 778 2509 versus
821 2466 938 2529 pes
983 2467 1162 2510 mero
1209 2445 1582 2529 expleretur
1614 2444 1891 2529 dactylo.
1981 2445 2212 2527 Itaque
2258 2444 2382 2509 hoc
2424 2465 2648 2510 versus

266 2554 410 2616 loco
443 2550 636 2615 etiam
673 2549 846 2633 apud
879 2549 1153 2614 Ennium
1187 2550 1602 2633 reperiuntur
1627 2548 1953 2633 plurarles
1997 2548 2255 2632 poetici,
2299 2548 2649 2632 praecipue

263 2659 642 2720 neutrorum
676 2673 844 2735 quae
875 2659 1029 2718 ante
1061 2654 1305 2718 exitum
1336 2653 1717 2719 trochaeum
1764 2652 2096 2735 praebent.
2177 2652 2421 2717 Ennius
2452 2653 2646 2717 etiam

266 2761 333 2822 in
367 2757 639 2822 scenicis
661 2756 970 2821 nonnulla
991 2756 1265 2841 pluralis
1298 2757 1538 2841 poetici
1561 2756 1858 2840 exempla
1880 2755 2150 2839 profert.
2196 2754 2647 2820 Mirandumne

265 2863 332 2925 id
377 2862 518 2925 ost‘?
563 2860 843 2923 Minime.
919 2860 1084 2925 Nam
1127 2860 1236 2925 hic
1280 2866 1477 2944 poeta
1507 2866 1857 2941 utrumque
1902 2880 2174 2944 poeseos
2214 2880 2417 2942 genus
2448 2859 2649 2924 coluit

268 2965 384 3045 ita,
431 2970 504 3029 ut
536 2966 603 3028 in
637 2963 978 3029 annalibus
1009 2964 1458 3039 hexametrum
1491 2962 1835 3028 adhiberet
1856 3002 1941 3011 —
1967 2964 2076 3046 qui
2106 2984 2330 3028 versus
2360 2962 2647 3046 plurales

267 3068 583 3133 eiusmodi
631 3074 704 3133 ut
743 3068 839 3132 ita
883 3068 1091 3132 dicam
1137 3067 1519 3151 postulabat
1549 3107 1651 3147 —,
1697 3068 1764 3131 in
1810 3066 2083 3132 scenicis
2128 3074 2343 3131 autem
2384 3066 2647 3132 ceteris-

267 3194 394 3257 que
434 3172 757 3256 poematis
806 3191 1196 3254 quamquam
1248 3172 1440 3237 etiam
1497 3172 1563 3235 in
1612 3170 1886 3236 Graecis
1928 3168 2426 3253 exemplaribuS,
2479 3190 2647 3252 quae

270 3277 330 3341 ei
391 3282 543 3341 ante
603 3275 824 3340 oculos
891 3280 1095 3354 erant,
1161 3274 1451 3359 plurales
1516 3276 1807 3359 poeticos
1838 3294 1990 3350 ,non
2048 3293 2201 3338 raro
2260 3273 2649 3350 inveniebat,

265 3385 483 3445 tamen
526 3379 719 3455 ‚illam
782 3378 1151 3459 dictionem,
1211 3384 1286 3443 ut
1346 3400 1512 3461 quae
1571 3383 1745 3443 esset
1804 3378 2134 3457 inusitata,
2196 3376 2488 3442 evitabat
2537 3375 2650 3441 ubi

264 3483 408 3550 fieri
444 3488 722 3567 poterat,
756 3482 947 3566 quod,
981 3504 1122 3547 cum
1156 3482 1380 3565 lingua
1407 3482 1614 3547 latina
1643 3482 1978 3566 plurimOS‚
2018 3488 2092 3544 ut
2126 3501 2325 3564 supra
2353 3480 2651 3561 diximuS,

267 3588 612 3653 trochaeos
645 3592 711 3652 et
738 3587 992 3652 iambos
1023 3588 1234 3671 poetis
1265 3586 1734 3670 suppeditaret,
1762 3606 1838 3650 eo
1868 3584 2126 3650 facilius
2158 3590 2318 3649 erat.
2379 3584 2649 3650 Cicero

269 3698 335 3755 et
379 3690 832 3755 Lucretius
894 3697 968 3755 ut
1022 3691 1090 3755 in
1150 3690 1514 3757 rationibus
1572 3689 1861 3755 metricis
1918 3689 2014 3752 ita
2053 3688 2248 3752 etiam
2302 3687 2367 3751 in
2410 3687 2650 3771 plurali

267 3794 523 3878 poetico
598 3794 1001 3877 usurpandO,
1075 3795 1432 3877 generatim
1501 3793 1790 3876 quidem,
1863 3792 2140 3856 Ennium
2208 3791 2415 3855 secuti
2482 3798 2649 3855 sunt.

268 3898 600 3978 Cicer0,
662 3898 842 3963 cuius
900 3898 1096 3963 dictio
1156 3899 1221 3962 in
1270 3897 1674 3963 orationibus
1734 3895 2039 3980 expedita
2084 3899 2185 3959 est
2229 3899 2295 3958 et
2339 3893 2647 3977 perfacile

269 4020 553 4080 currens,
602 4001 873 4067 eandem
921 4002 1312 4085 elegantiam
1359 4006 1699 4066 assecutus
1730 4019 1859 4064 non
1889 4004 1988 4064 est
2026 4000 2092 4062 in
2122 3998 2441 4081 poematis
2482 4018 2649 4080 quae

269 4104 546 4188 speciem
622 4104 986 4170 hexametri
1056 4105 1418 4170 ostendunt.
1531 4104 1964 4168 Nihilominus
2034 4101 2310 4167 Ennium
2382 4106 2651 4184 superat

267 4207 697 4290 aliquatenus,
790 4209 953 4272 Nam
1012 4216 1277 4292 praeter
1333 4209 1626 4291 quintum
1691 4206 1922 4290 pedem
1984 4206 2180 4269 etiam
2225 4203 2309 4269 ad
2366 4204 2646 4287 primum

267 4324 680 4331 --—-———.-.——

445 4364 493 4429 l)
530 4362 818 4416 PWRE.

442 4449 496 4519 2)
531 4446 738 4517 Keller,
777 4448 1021 4504 Gramm.
1059 4448 1323 4505 Aufsatze
1361 4451 1478 4504 192.
1519 4451 1635 4503 193.
