3325 5359
1208 330 1640 390 -9-

238 499 398 564 locis
457 503 689 582 poetae
748 498 1033 582 plurales
1090 497 1238 564 illos
1297 498 1693 580 coniungant
1749 519 1895 563 cum
1958 497 2319 580 adiectivis,
2378 500 2614 582 quibus

241 603 412 668 inest
454 602 605 668 talis
650 604 834 687 vigor
877 602 1133 686 qualem
1181 603 1300 668 viri
1348 603 1523 668 docti
1567 602 1791 668 volunt
1846 601 1971 667 sibi
2016 602 2321 668 ascivisse
2366 623 2614 670 merum

237 707 601 791 pluralem?
629 708 678 793 1)
768 707 956 773 Certe
1017 728 1169 773 vero
1235 708 1468 773 mirum
1533 713 1707 773 esset
1783 707 1851 772 in
1915 707 2139 791 lingua
2193 706 2403 773 latina
2470 708 2613 774 sola

238 810 558 895 pluralem
601 811 846 877 habere
891 811 1015 878 vim
1078 813 1405 878 notionem
1465 812 1741 877 nominis
1801 811 2114 895 augendi3
2173 833 2324 877 nam
2367 811 2613 878 nullam

234 915 528 981 novimus
569 916 857 999 linguam
900 916 1513 1000 indogermanicam,
1557 915 1673 982 ubi
1716 915 1867 981 talis
1910 937 2068 983 usus
2110 915 2301 982 valet.

407 1038 758 1121 Postquam
803 1058 959 1102 vero
1017 1043 1247 1121 poetas
1302 1037 1541 1123 plurali
1599 1044 1664 1103 et
1722 1036 2036 1121 singulari
2096 1037 2385 1103 eiusdem
2434 1039 2609 1104 vocis

235 1141 373 1206 sine
436 1140 924 1225 significationis
980 1140 1350 1207 discrimine
1407 1162 1560 1207 usos
1623 1163 1765 1208 esse
1827 1141 2241 1224 cognovimus
2296 1147 2363 1206 et
2418 1162 2609 1225 argu-

236 1246 468 1310 mentis
525 1246 686 1310 satis
743 1245 1050 1327 gravibus
1104 1244 1275 1310 hanc
1336 1247 1723 1311 sententiam
1781 1245 2319 1326 confirmavimus,
2375 1245 2505 1310 iam
2543 1245 2612 1310 in

235 1370 311 1415 eo
371 1352 489 1428 est,
547 1355 621 1414 ut
676 1349 1080 1432 inquiramus
1139 1348 1375 1433 quibus
1437 1349 1517 1415 de
1581 1350 1815 1430 causis,
1883 1349 2123 1434 quippe
2183 1370 2327 1415 cum
2380 1354 2612 1433 poetas

236 1472 461 1518 sensus
504 1453 792 1518 rationes
837 1458 1093 1518 secutos
1124 1474 1264 1519 esse
1301 1474 1627 1536 negemus,
1676 1453 1758 1519 ad
1791 1455 1930 1520 eius
1965 1453 2140 1519 modi
2171 1475 2357 1544 usum
2387 1454 2607 1540 plura-

233 1556 348 1621 tivi
409 1556 661 1622 numeri
717 1557 849 1622 sint
898 1555 1184 1622 adducti.
1273 1558 1412 1622 Has
1472 1578 1729 1641 quoque
1802 1556 2215 1641 quaestiones
2281 1557 2366 1623 ad
2418 1579 2608 1642 argu·

234 1665 454 1726 menta
509 1660 624 1726 illa
684 1661 1126 1726 confirmanda
1182 1661 1463 1745 aliquam
1511 1662 1636 1726 vim
1692 1660 1937 1727 habere
1995 1682 2123 1727 non
2182 1660 2409 1728 dubito
2454 1662 2611 1746 quin

233 1763 569 1829 concedas.

448 1904 482 1987 ξ
525 1909 585 1968 4.
675 1902 870 1967 Metri
914 1904 1267 1968 necessitas
1314 1910 1458 1968 erat
1503 1924 1742 1987 parens
1788 1908 1985 1987 atque
2028 1904 2413 1988 principium
2456 1903 2609 1970 talis

229 2007 480 2071 numeri
523 2006 795 2090 pluralis
828 2029 975 2073 cum
1021 2006 1336 2088 singulari
1387 2006 1800 2074 confusionis
1890 2007 2143 2091 Lingua
2182 2007 2352 2072 enim
2380 2007 2605 2087 latina,

229 2130 374 2174 cum
437 2109 704 2195 syllabis
759 2111 1078 2195 imprimis
1123 2110 1332 2194 longis
1376 2109 1614 2189 faveat,
1675 2117 1913 2176 natura
1957 2111 2267 2177 abhorret
2312 2132 2353 2175 a
2397 2117 2607 2176 metro

230 2212 550 2299 dactylico
595 2219 661 2278 et
702 2215 1150 2297 anapaestico;
1196 2215 1420 2298 itaque
1450 2215 1804 2298 praecipue
1847 2214 2226 2280 hexametro
2272 2219 2338 2280 et
2380 2218 2608 2299 penta-

231 2321 441 2382 metro
480 2316 716 2382 idonea
745 2338 873 2382 non
915 2322 1076 2382 erat.
1167 2318 1381 2397 Quare
1425 2339 1507 2382 ne
1549 2318 1799 2400 ingenti
1834 2317 2294 2383 vocabulorum
2338 2338 2608 2383 numero

225 2421 641 2504 privarentur
698 2420 1280 2506 pulcherrimisque
1337 2421 1564 2487 formis
1625 2427 1945 2501 carerent,
2006 2421 2090 2486 ad
2129 2422 2312 2487 varia
2364 2421 2610 2487 auxilia

228 2524 477 2588 animos
525 2524 863 2590 attendere
923 2525 1136 2609 poetis
1183 2546 1346 2609 opus
1392 2530 1553 2590 erat.
1644 2525 1928 2604 Quorum
1978 2525 2498 2591 adiumentorum
2540 2526 2609 2592 in

224 2648 512 2712 numer0,
559 2650 706 2694 011111
737 2628 816 2694 de
850 2630 1084 2694 ceteris
1127 2650 1323 2713 agere
1369 2650 1582 2694 meum
1611 2651 1744 2695 non
1775 2629 1877 2708 sit,
1923 2629 2119 2694 etiam
2150 2650 2303 2694 usus
2333 2629 2606 2713 pluralis

227 2735 344 2809 est,
391 2752 582 2814 quem
628 2738 860 2815 poetae
905 2739 1229 2817 usurpant
1277 2754 1398 2817 pro
1445 2733 1760 2818 singulari
1814 2733 2133 2817 imprimis
2190 2732 2274 2797 ad
2314 2732 2604 2799 brevium

227 2831 625 2917 syllabarum
684 2857 1020 2900 numerum
1076 2837 1444 2918 augendum
1490 2842 1556 2901 et
1600 2858 1815 2901 meros
1860 2836 2154 2922 dactylos
2196 2836 2451 2901 facilius
2500 2857 2608 2901 ex·

227 2936 514 3020 plendos
590 2937 796 3016 Quam
830 2959 1242 3004 numerorum
1282 2941 1827 3023 permutationem
1867 2941 2227 3004 invenimus
2257 2940 2607 3024 praecipue

224 3040 292 3103 in
340 3039 762 3105 substantivis
824 3042 1077 3124 generis
1138 3043 1450 3110 neutrius.
1542 3041 1869 3120 Quantum
1927 3047 2161 3126 poetae
2207 3043 2482 3107 Romani
2528 3043 2608 3132 iis

223 3143 521 3222 faverint,
585 3143 778 3208 facile
843 3164 1210 3228 cognosces,
1283 3147 1337 3210 si
1402 3145 1522 3212 tibi
1590 3148 1657 3211 in
1713 3152 1992 3211 mentem
2054 3147 2461 3212 revocaveris
2523 3167 2604 3212 ex

226 3267 496 3312 numero
520 3247 945 3312 ducentorum
974 3249 1528 3317 substantivorum
1553 3272 1722 3334 quae
1748 3272 1890 3316 cum
1915 3250 2031 3315 illa
2052 3250 2310 3334 poetica
2337 3249 2604 3316 licentia

223 3350 629 3431 exhibentur,
691 3350 864 3417 CXX
920 3353 1176 3434 generis
1243 3375 1383 3419 esse
1447 3355 1756 3421 neutrius.
1862 3356 2043 3435 Quae
2100 3375 2244 3419 cum
2302 3354 2400 3419 ita
2457 3354 2603 3433 sint,

222 3455 501 3538 primum
549 3453 632 3520 ad
672 3455 788 3520 illa
831 3457 1094 3522 nomina
1157 3458 1406 3523 animos
1465 3459 1879 3524 intendamus
1941 3465 2137 3542 atque
2197 3458 2603 3541 inquiramus

222 3559 432 3641 primo
452 3557 596 3624 loco
623 3580 846 3624 eorum
872 3564 1176 3626 naturam
1210 3582 1377 3644 quae
1408 3562 1788 3627 trochaeum
1814 3567 1966 3626 ante
1992 3566 2235 3627 exitum
2264 3561 2602 3645 praebent.

223 3661 370 3724 Huc
414 3667 713 3743 spectant
756 3670 990 3728 neutra
1034 3665 1357 3730 secundae
1395 3664 1865 3746 declinationis,
1904 3686 2176 3749 quorum
2219 3685 2408 3730 casus
2438 3666 2602 3730 recti

224 3784 352 3828 non
396 3765 522 3828 nisi
563 3764 802 3846 plurali
844 3767 1057 3850 posito
1106 3773 1221 3833 aut
1260 3775 1593 3853 postrema
1636 3768 1887 3854 syllaba
1930 3768 2091 3834 elisa
2134 3773 2342 3834 metro
2380 3768 2603 3854 dacty-

221 3866 348 3930 lico
389 3867 648 3932 immitti
708 3875 1000 3953 possunt.
1102 3871 1269 3936 Nam
1316 3872 1662 3955 singularis
1710 3872 2141 3937 nominativus
2186 3871 2286 3936 vel
2332 3892 2598 3937 accusa-

219 3971 410 4049 tivus,
473 3991 618 4035 cum
679 3973 985 4038 creticum
1048 3975 1380 4058 praebeat,
1437 3977 1630 4059 plane
1691 3977 1907 4044 versui
1974 3976 2235 4041 heroico
2280 3981 2605 4059 repugnat

222 4079 290 4139 et
334 4074 506 4157 quod
569 4073 844 4140 alteram
896 4077 1242 4160 singularis
1286 4080 1501 4144 versui
1553 4079 1881 4144 inserendi
1922 4079 2156 4144 attinet
2199 4078 2601 4160 facultatem,

219 4177 519 4241 nimirum
568 4177 900 4243 elisionem
945 4186 1314 4263 postremae
1361 4181 1668 4268 syllabae,
1728 4204 1899 4248 nunc
1956 4183 2085 4247 iam
2131 4183 2199 4247 in
2242 4202 2319 4248 eo
2365 4187 2482 4261 est,
2527 4187 2603 4247 ut

221 4280 301 4344 de
331 4279 456 4345 hac
492 4301 581 4361 re,
642 4282 749 4346 cui
788 4282 857 4346 in
901 4283 1174 4367 pluralis
1231 4287 1470 4369 poetici
1512 4287 1789 4352 historia
1832 4285 2299 4370 pertractanda
2348 4284 2595 4369 aliquid

400 4470 451 4538 1)
489 4467 671 4540 slotty
703 4471 786 4526 35.
