3325 5359
1646 366 2124 437 -128--

696 543 933 613 educta
976 543 1289 625 refrixit'3
1349 541 1430 610 de
1475 541 1704 610 eadem
1750 564 1821 609 re
1867 548 1992 609 427
2052 541 2240 610 ‘telo’.
2345 541 2536 608 Trist.
2582 542 2645 609 11
2697 548 2814 610 179
2863 549 3082 627 ‘parce

692 648 1065 734 fulmenque
1112 654 1314 728 tuum,
1358 648 1503 715 fera
1542 648 1680 713 tela
1724 646 2006 714 reconde
2051 696 2067 713 .
2103 697 2117 711 .
2152 697 2166 710 .
2221 646 2488 712 nimium
2533 646 2769 713 misero
2818 648 3082 729 cognita

692 753 827 819 tela
870 752 1067 819 mihi'.
1156 751 1330 819 Fast.
1361 752 1424 818 11
1466 757 1593 819 838
1638 750 1917 836 ‘fixaque
1963 750 2324 817 semianimi
2375 770 2647 835 corpore
2691 749 2826 816 tela
2865 752 3084 836 rapit'‚

692 857 773 923 de
836 842 1063 929 eadem
1119 876 1191 922 re
1236 860 1362 923 839
1431 854 1803 923 ‘stillantem
1854 904 1868 921 .
1900 905 1915 919 .
1974 854 2288 939 sanguine
2348 854 2666 920 cultrum’.
2769 855 2944 921 Fast.
2988 854 3082 920 IV

694 966 819 1027 714
864 942 1012 1041 ‘tela
1063 1009 1076 1024 .
1127 1010 1141 1025 .
1207 959 1479 1025 dextrae
1544 958 1814 1025 fulmine
1871 964 2068 1043 rapta
2124 957 2402 1041 negant’.
2508 958 2596 1024 VI
2643 962 2768 1025 770
2826 958 3086 1024 ‘cecidit

693 1060 1275 1148 telisvHasdrubal
1319 1064 1459 1149 ipse
1501 1062 1677 1129 suis’.
2265 1092 2270 1097 ·

864 1192 943 1250 te
964 1208 1021 1249 m
1043 1183 1185 1270 pla
1207 1186 1277 1270 1).
1350 1184 1564 1251 Plaut.
1594 1184 1761 1253 Rud.
1792 1190 1936 1252 909.
1967 1184 2103 1250 Mil.
2133 1189 2259 1251 413
2293 1182 2588 1268 ‘templis’
2635 1202 2830 1249 sensu
2873 1188 3084 1249 trans-

694 1290 830 1355 lato
875 1288 955 1365 de
1002 1308 1201 1372 regno
1245 1287 1549 1373 Neptuni.
1657 1288 1903 1355 Eadem
1948 1286 2519 1354 circumlocutione
2581 1286 2791 1352 utitur
2833 1286 3085 1352 Ennius

693 1413 783 1458 sc.
838 1398 955 1459 196
1018 1400 1275 1477 ‘magna
1330 1391 1577 1477 templa
1636 1392 1941 1459 caelitum
2005 1392 2357 1457 commixta
2423 1390 2628 1457 stellis
2687 1386 3086 1475 splendidis’.

692 1496 940 1561 Eodem
988 1516 1182 1562 sensu
1226 1498 1299 1562 A.
1337 1501 1420 1563 49
1468 1495 1652 1561 ‘caeli
1701 1496 1966 1584 caerula
2009 1494 2272 1581 templa'
2320 1500 2387 1560 et
2430 1498 2511 1560 65
2561 1494 2842 1559 ‘caerula
2875 1492 3085 1571 caeli’‚

694 1600 919 1668 eodem
994 1621 1197 1677 seusu¹
1260 1599 1608 1685 singularis
1676 1602 1750 1665 A.
1816 1606 1934 1669 541
2007 1600 2420 1665 ‘contremuit
2491 1597 2804 1683 templum
2871 1597 3087 1663 Iovis’.

704 1703 807 1770 Ad
850 1702 962 1769 illa
1008 1703 1199 1769 Ennii
1244 1702 1543 1789 exempla
1586 1702 1931 1772 referenda
1977 1710 2129 1770 sunt
2173 1702 2302 1769 Cic.
2333 1702 2414 1769 de
2456 1700 2707 1787 republ.
2753 1701 2843 1768 VI
2885 1706 2968 1767 24
3023 1706 3094 1767 et

692 1807 981 1873 Terentii
1009 1807 1171 1873 Eun.
1206 1812 1331 1874 590
1374 1808 1640 1892 ‘templa
1685 1807 1850 1873 caeli
1895 1828 2149 1873 summa
2179 1828 2297 1873 suo
2328 1812 2492 1872 nutu
2522 1804 2774 1889 quatit.'
2835 1803 3087 1869 Eadem

692 1909 1123 1977 translatione
1189 1910 1530 1978 Lucretius
1597 1912 1842 1978 utitur:
1917 1912 1948 1976 I
2019 1917 2185 1977 1014
2259 1910 2444 1976 ‘caeli
2508 1909 2730 1975 lucida
2797 1908 3088 1994 templa’.

697 2021 862 2083 1064
907 2014 1091 2080 ‘caeli
1136 2015 1419 2100 templa’.
1522 2015 1555 2081 1
1603 2022 1767 2084 1105
1816 2014 2001 2080 ‘caeli
2040 2014 2377 2082 tonitralia
2421 2013 2702 2099 templa’.
2799 2014 2862 2077 11
2911 2018 3082 2079 1039

692 2118 875 2185 ‘caeli
920 2169 935 2183 .
989 2168 1004 2183 .
1072 2118 1292 2185 lucida
1347 2118 1632 2203 templa’.
1745 2119 1802 2185 V
1846 2124 1974 2186 490
2041 2118 2327 2203 ‘altaque
2387 2109 2562 2183 'caeli
2621 2168 2635 2182 .
2682 2168 2697 2182 .
2763 2116 3086 2199 fulgentia

689 2221 974 2307 templa’.
1079 2227 1197 2288 521
1250 2221 1437 2289 ‘caeli
1482 2272 1497 2288 .
1545 2273 1560 2287 .
1619 2224 1985 2289 summania
2035 2222 2318 2309 templa’.
2417 2222 2507 2287 VI
2563 2224 2689 2287 388
2751 2220 3088 2286 ‘caelestia

694 2325 975 2411 templa’.
1066 2330 1192 2391 644
1236 2326 1506 2393 ‘fumida
1562 2379 1577 2393 .
1624 2380 1639 2395 .
1685 2326 1850 2392 caeli
1893 2376 1908 2391 .
1958 2377 1973 2391 .
2035 2327 2252 2393 omnia
2306 2325 2589 2410 templa’.
2680 2329 2805 2391 670
2850 2323 3087 2389 eadem

697 2429 899 2497 verba
964 2450 1042 2495 ac
1102 2434 1246 2496 388.
1315 2468 1405 2480 -
1478 2436 1632 2497 1001
1695 2430 1879 2495 ‘caeli
1947 2430 2228 2515 templa’.
2333 2433 2497 2495 1228
2567 2428 2792 2495 eadem
2860 2428 3087 2495 verba.

692 2534 875 2599 Haec
932 2533 1277 2600 translatio
1336 2534 1535 2599 etiam
1601 2532 1777 2619 apud
1823 2532 2122 2605 Ovidium
2176 2533 2504 2598 invenitur
2560 2538 2710 2598 met.
2757 2531 2902 2597 XIV
2950 2536 3089 2597 814

693 2637 979 2703 ‘caerula
1023 2635 1206 2702 caeli’
1254 2642 1320 2702 et
1363 2636 1513 2703 fast.
1554 2637 1616 2703 ΙΙ
1659 2643 1787 2705 487
1835 2636 2063 2709 eadem
2105 2635 2325 2702 verba.
2393 2636 2550 2702 Hor.
2593 2636 2778 2721 epist.
2821 2634 2885 2701 ΙΙ
2919 2640 2974 2715 1,
3007 2640 3087 2717 63

693 2740 807 2806 cfr.
838 2740 1084 2807 Ennius
1115 2743 1170 2806 A
1226 2744 1326 2807 65.
1370 2780 1460 2789 —
1501 2740 1604 2807 Ad
1648 2746 1859 2806 totum
1903 2740 2215 2806 mundum
2261 2739 2701 2806 denotandum
2738 2738 3090 2804 Lucretius

693 2844 820 2909 hoc
877 2864 1110 2910 nomen
1154 2846 1223 2909 in
1266 2866 1456 2910 usum
1500 2850 1695 2911 vocat
1751 2849 1819 2911 et
1863 2845 2282 2928 singulariter
2325 2849 2392 2909 et
2434 2843 2807 2929 pluraliter:
2852 2844 2904 2909 V
2952 2849 3086 2909 772

694 2948 930 3033 ‘magni
990 2968 1111 3033 per
1170 2948 1436 3014 caerula
1494 2948 1756 3014 mundi’.
1845 2949 1903 3014 V
1963 2953 2126 3015 1204
2189 2948 2426 3031 ‘magni
2488 2949 2797 3014 caelestia
2856 2946 3089 3015 mundi

693 3051 999 3137 Templa'.
1089 3053 1178 3118 VI
1235 3057 1319 3118 43
1390 3052 1632 3119 ‘mundi
1700 3052 2009 3119 mortalia
2075 3053 2357 3136 templa'.
2459 3051 2702 3135 Singul.
2767 3051 2854 3117 V1
2911 3056 3085 3117 1436

692 3156 934 3222 ‘mundi
980 3176 1285 3241 magnum
1313 3156 1621 3223 versatile
1650 3155 2020 3241 templum’3
2067 3155 2295 3222 eodem
2331 3176 2526 3221 sensu
2556 3155 2683 3221 Cic.
2715 3154 2796 3219 de
2829 3153 3086 3239 republ.

693 3261 783 3326 VI
836 3266 933 3325 15.
1022 3260 1246 3326 Senec.
1289 3259 1370 3326 de
1413 3261 1627 3327 benef.
1672 3260 1767 3326 111
1801 3266 1857 3339 7,
1889 3266 1945 3326 3.
1989 3299 2078 3310 -
2121 3260 2220 3325 De
2263 3260 2573 3325 Tartaro:
2617 3258 2862 3325 Ennius
2905 3278 3085 3323 scen.

699 3369 818 3430 107
867 3363 1247 3430 ‘Acherusia
1291 3363 1540 3449 templa
1588 3365 1727 3431 alta
1771 3364 1961 3431 Orci’.
2034 3364 2135 3430 Ad
2179 3364 2458 3431 Ennium
2503 3368 2804 3448 spectant
2844 3362 2910 3427 in
2955 3359 3089 3427 hoc

692 3489 816 3532 usu
854 3466 1079 3532 Cicero
1126 3468 1314 3533 Tusc.
1360 3469 1525 3554 disp.
1566 3469 1599 3535 1
1642 3474 1747 3549 21,
1792 3474 1876 3535 48
1921 3475 1989 3534 et
2034 3468 2378 3534 Lucretius
2422 3467 2455 3533 1
2504 3472 2645 3533 120.
2690 3466 2786 3532 111
2832 3470 2930 3531 25.
2977 3469 3086 3530 86.

694 3570 830 3636 Cul.
878 3575 1002 3635 217
1049 3570 1130 3636 de
1173 3571 1485 3638 Tartaro:
1548 3573 1792 3639 ‘limina
1836 3574 2180 3639 conlucent
2221 3572 2478 3639 infestis
2523 3570 2742 3637 omnia
2782 3567 3086 3653 templis’.

698 3713 783 3722 —
828 3674 973 3740 Huc
1017 3676 1213 3741 etiam
1260 3676 1393 3741 alia
1420 3676 1768 3742 translatio
1800 3676 2369 3743 commemoranda
2413 3682 2532 3755 est,
2578 3695 2709 3758 qua
2738 3672 3087 3739 Lucretius

700 3777 911 3842 utitur
954 3778 1039 3843 lv
1092 3782 1219 3845 624
1264 3779 1504 3845 ‘umida
1546 3779 1796 3865 linguai
1839 3780 2147 3846 sudantia
2188 3778 2472 3865 templa’‚
2513 3783 2579 3843 et
2622 3778 2679 3841 V
2728 3780 2848 3843 103
2903 3781 3088 3841 ‘tem-

696 3881 935 3965 plaque
995 3883 1267 3948 mentis‘.
1382 3883 1541 3949 Inde
1600 3904 1641 3949 a
1702 3874 1756 3950 V
1774 3883 2034 3969 ergili
2051 3905 2089 3950 o
2149 3885 2328 3950 vocis
2392 3881 2742 3967 ‘templum’
2809 3879 3086 3965 pluralis

694 4004 945 4051 sensu
1001 3987 1355 4071 proprio
1416 3986 1497 4054 de
1562 4008 1693 4054 uno
1755 3995 2012 4054 tantum
2055 3988 2298 4074 templo
2360 3989 2493 4053 sive
2546 3986 2699 4052 fano
2741 3986 2933 4052 unius
2977 3985 3084 4051 dei

700 4088 766 4152 in
810 4110 997 4155 usum
1046 4097 1317 4155 vocatur
1356 4090 1459 4156 vel
1500 4092 1542 4157 i.
1572 4093 1621 4157 1.
1652 4113 1716 4176 p.
1760 4092 1863 4159 vel
1907 4094 1946 4157 i.
1982 4094 2054 4157 V.
2085 4115 2148 4177 p.
2238 4095 2353 4158 Ae.
2388 4091 2483 4157 111
2527 4098 2610 4157 84
2655 4090 2736 4156 de
2766 4088 3086 4174 Apollinis

692 4192 938 4277 templo
1001 4193 1176 4276 quod
1225 4194 1370 4260 Deli
1426 4196 1495 4260 in
1556 4192 1773 4262 insula
1830 4197 2025 4262 situm
2081 4201 2226 4262 erat
2285 4195 2550 4281 ‘templa
2606 4194 2712 4259 dei
2771 4214 2929 4259 saxo
2973 4212 3082 4257 ve·

696 4296 980 4361 nerabar
1024 4302 1278 4362 structa
1322 4298 1617 4363 vetusto’.
1705 4299 1794 4365 VI
1851 4308 1925 4367 19
1970 4300 2052 4365 de
2083 4322 2212 4365 uno
2255 4300 2502 4385 templo
2547 4299 2718 4383 quod
2752 4296 3080 4362 Daedalus

869 4521 917 4587 1)
954 4518 1245 4591 Landgraf
1266 4526 1349 4578 73.
1412 4522 1599 4595 Slotty
1624 4526 1706 4577 19.
1731 4525 1816 4578 ω.
1887 4526 2144 4579 Bednara
2163 4528 2280 4580 550.
2351 4526 2660 4581 Frobenius
2691 4526 2742 4580 6.
2777 4528 2824 4578 7.
