3325 5359
1142 358 1620 421 -133—

188 526 643 612 explicandum
682 550 825 595 esse
870 534 1121 595 censet:
1167 528 1486 616 pluralem
1534 526 1902 613 significare
1944 527 2244 597 timorem
2289 528 2373 597 ob
2415 548 2570 595 ean·-

186 633 332 699 dem
378 653 645 700 causam
704 654 901 718 saepe
960 652 1308 699 reversum.
1410 632 1589 698 Alias
1636 631 1960 716 Vergilius
2003 632 2318 717 singulari
2359 634 2589 700 utitur·

187 742 258 802 et
298 736 697 803 nominativo
736 742 813 819 ,et
854 737 1225 803 accusativo
1264 742 1333 804 et
1372 736 1690 821 genetivo.
1762 735 2076 803 Horatius
2103 736 2270 821 plur.
2301 736 2572 805 adhibet

188 842 254 905 in
302 861 503 907 carm.
530 840 565 907 1
609 846 713 921 37,
761 845 841 907 15
884 846 1185 907 ‘mentem
1216 890 1267 907 ..
1295 890 1310 906 .
1341 840 1605 925 Redigit
1644 839 1714 905 in
1755 860 1944 908 veros
1985 841 2290 909 timores’.
2362 842 2570 928 Epist.

188 945 220 1010 I
264 952 323 1025 4,
372 949 452 1010 12
499 944 693 1011 ‘inter
720 966 901 1030 spem
932 950 1307 1029 curamque,
1349 944 1843 1033 timoresvinter
1873 950 1941 1012 et
1972 946 2152 1029 iras’3
2195 950 2264 1012 et
2299 951 2569 1031 propter

111 1063 117 1070 ·
190 1048 693 1131 concinnitatem
740 1087 823 1099 -
866 1053 943 1116 ut
983 1048 1086 1115 bis
1130 1050 1259 1116 duo
1306 1052 1509 1117 verba
1564 1056 1742 1117 stent
1797 1055 2027 1117 contra
2069 1049 2198 1117 duo
2241 1086 2328 1100 --
2372 1056 2439 1116 et
2481 1051 2572 1117 ad

192 1152 529 1231 elisionem
566 1153 937 1219 evitandam
978 1153 1253 1239 pluralis
1296 1153 1504 1220 altero
1545 1155 1693 1220 loco
1735 1155 1990 1241 positus
2029 1163 2148 1221 est.
2218 1154 2293 1219 In
2329 1154 2435 1241 Ly
2450 1176 2493 1239 g
2506 1155 2566 1221 d.

185 1278 383 1323 carm.
429 1256 518 1321 1v
558 1258 637 1322 13
658 1257 711 1339 ¹)
748 1255 1013 1323 ‘efficiat
1046 1278 1247 1323 vanos
1302 1258 1515 1324 noctis
1557 1258 1806 1324 Lucina
1847 1258 2153 1326 timores’.
2228 1258 2566 1325 Disaenius

186 1362 254 1426 in
300 1365 643 1427 comment.
693 1382 756 1445 p.
802 1365 928 1427 346
977 1360 1176 1427 verba
1218 1362 1447 1427 ‘noctis
1491 1362 1649 1427 tim?
1708 1363 1804 1428 sic
1841 1362 2154 1447 explicat:
2215 1362 2410 1428 ‘visus
2454 1362 2568 1447 qui

183 1467 483 1532 timorem
540 1464 907 1531 iniecerunt
952 1465 1155 1531 veluti
1214 1470 1509 1550 ‘pavores
1558 1466 1792 1532 metus’
1845 1465 2151 1532 dicuntur
2191 1486 2313 1551 pro
2366 1465 2564 1533 rebus

183 1590 493 1655 pavorem
554 1574 797 1635 metum
863 1568 1294 1635 facientibus’.
1393 1569 1688 1635 Eandem
1756 1568 2254 1655 explicationem
2315 1571 2567 1655 prefert

178 1673 471 1759 Heynius
517 1673 631 1757 qui
676 1674 873 1739 etiam
907 1672 989 1737 de
1025 1676 1304 1761 δείματά
1332 1679 1588 1761 νυχίων
1618 1670 1904 1759 ὀνείρων
1945 1674 2254 1741 admonet
2275 1676 2364 1759 (p.
2394 1676 2564 1758 159).

178 1778 344 1843 Item
384 1776 906 1861 Propertius
964 1776 1167 1843 semel
1225 1776 1542 1862 pluralem
1602 1778 1672 1844 in
1730 1798 1918 1843 usum
1979 1781 2172 1845 vocat
2213 1778 2246 1843 1
2287 1782 2346 1857 3,
2403 1778 2562 1861 291)

178 1881 493 1948 ‘insolitos
554 1885 896 1965 portarent
959 1880 1103 1946 visa
1166 1881 1471 1947 timores’.
1575 1881 1722 1947 Ovi
1741 1880 1784 1945 d
1804 1881 1892 1947 iu
1907 1880 2010 1967 εἳ)
2069 1902 2194 1947 am.
2238 1881 2302 1947 II
2361 1886 2421 1962 8,
2479 1886 2560 1947 23

180 1985 519 2069 ‘fingisque
562 1984 1077 2071 novos-,ingrata
1111 1984 1422 2050 timores’.
1510 1983 1665 2051 Met.
1697 1985 1826 2051 XII
1864 1989 1948 2051 60
1986 1985 2160 2051 inter
2197 1984 2562 2069 complures

182 2088 412 2173 singul.
457 2086 877 2171 ‘Credulitas,.
896 2136 915 2153 .
936 2086 1138 2153 Error
1160 2138 1175 2153 .
1200 2138 1215 2152 .
1238 2087 1526 2154 Laetitia
1554 2138 1570 2153 .
1593 2138 1608 2153 .
1639 2089 2168 2173 consternatique
2188 2089 2480 2155 Timores
2504 2139 2519 2154 .
2543 2138 2559 2155 .

182 2192 493 2273 Susurri’3
522 2192 591 2257 in
620 2191 986 2258 hexametri
1012 2190 1159 2257 fine.
1217 2184 1409 2258 Trist.
1435 2192 1644 2258 11153
1665 2191 1815 2257 ‘mei
1841 2192 2226 2277 variantque
2255 2192 2561 2259 timores'.

181 2296 429 2363 Ceteris
471 2296 633 2362 locis
678 2300 905 2362 extant
948 2294 1297 2380 singularis
1338 2295 1589 2362 formae
1638 2295 1865 2362 eodem
1909 2295 2102 2362 modo
2149 2301 2355 2381 atque,
2386 2296 2560 2381 apud

179 2400 557 2483 Vergilium.

352 2518 821 2612 tinnitus3).
925 2518 1208 2587 Pluralis
1261 2520 1413 2587 inde
1475 2542 1517 2586 a
1574 2520 1909 2588 Catullo
1970 2527 2072 2602 64,
2129 2526 2254 2588 262
2313 2526 2564 2588 ‘tenues

178 2624 488 2715 tinnitus'.
576 2624 638 2690 V
652 2645 689 2690 e
702 2645 739 2690 r
760 2646 801 2709 g
817 2625 840 2690 i
854 2622 879 2689 l
895 2626 977 2690 iu
990 2646 1021 2691 s
1077 2628 1144 2691 et
1184 2625 1423 2710 plurali
1468 2632 1537 2691 et
1577 2626 1891 2711 singulari
1933 2626 2161 2691 utitur.
2243 2624 2416 2693 Plur.
2463 2642 2558 2709 ge.

178 2728 265 2794 IV
315 2734 399 2794 64
441 2728 624 2794 nulla
668 2733 941 2812 cogente
985 2746 1185 2795 causa
1228 2730 1648 2814 ‘tinnitusque
1696 2729 1831 2795 cie’.
1927 2728 2102 2814 Sing.
2146 2730 2259 2795 Ae.
2298 2729 2394 2795 IX
2431 2734 2558 2797 809

180 2830 476 2898 ‘tinnitu’.
565 2830 917 2898 Ovidius
974 2852 1101 2897 non
1157 2831 1284 2898 nisi
1341 2832 1686 2917 pluraliter
1737 2820 1887 2899 hoc'
1919 2831 2143 2898 vocab.
2187 2834 2559 2918 usurpavit:

184 2956 320 3001 acc.
352 2934 520 3020 plur.
551 2936 753 3001 semel
798 2934 883 3001 ad
929 2934 1260 3001 elisionem
1299 2936 1703 3002 evitandam:
1775 2936 1949 3003 Fast.
1980 2935 2069 3001 IV
2104 2940 2228 3003 184
2256 2947 2564 3021 ‘aeraque

178 3038 659 3125 tinnitusvaere
688 3039 956 3124 repulsa
986 3038 1272 3105 d‘abunt’.
1340 3038 1588 3105 Ceteris
1616 3039 1778 3105 locis
1811 3044 1995 3105 extat
2021 3037 2149 3105 abl.
2180 3040 2378 3124 plur:
2409 3047 2559 3106 met.

180 3142 240 3209 V
286 3148 414 3209 204
458 3143 697 3209 ‘sonuit
737 3141 1079 3209 tinnitibus
1125 3142 1298 3209 ensis
1343 3143 1591 3210 acutis’.
1679 3142 1770 3209 Vl
1816 3148 1938 3209 589
1985 3142 2346 3210 ‘tinnitibus
2391 3144 2562 3210 aeris

184 3246 400 3313 acuti’.
486 3246 640 3312 XIV
697 3252 821 3314 536
877 3246 1240 3313 ‘tinnitibus
1296 3250 1447 3313 aere
1503 3246 1679 3332 pulsi
1737 3246 1961 3313 Aeris'.
2049 3248 2226 3312 Fast.
2279 3247 2374 3313 III
2434 3253 2551 3313 741

184 3349 501 3417 ‘volucres
543 3349 888 3417 tinnitibus
933 3351 1160 3419 actae’.
1250 3352 1337 3419 IV
1386 3356 1511 3418 207
1556 3356 1844 3418 ‘resonat
1883 3349 2228 3417 tinnitibus
2271 3351 2420 3417 Ide’.

352 3488 862 3573 tremores4).
932 3488 1216 3556 Pluralis
1252 3487 1404 3555 inde
1446 3510 1487 3555 a
1525 3489 1958 3572 Lucreti0,
2001 3490 2090 3555 VI
2134 3496 2256 3557 547
2303 3490 2559 3555 ‘disser-

178 3597 341 3677 punt
383 3591 534 3658 inde
580 3592 936 3674 tremores',
978 3593 1020 3659 i.
1045 3594 1151 3659 VI.
1180 3614 1275 3679 p.;
1322 3594 1548 3661 eodem
1592 3594 1786 3660 modo
1816 3614 1897 3659 ac
1925 3594 2228 3661 ‘timores’
2257 3594 2327 3660 in
2355 3594 2559 3660 nomi-

178 3695 415 3761 nativo.
528 3696 854 3781 Vergilius
920 3718 1048 3762 non
1120 3698 1247 3763 nisi
1318 3696 1664 3781 singularis
1738 3698 2203 3764 nominativum
2275 3698 2559 3766 exhibet.

179 3797 531 3866 Ovidius
588 3799 908 3885 pluralem
969 3801 1156 3886 ponit
1210 3806 1363 3867 met.
1400 3801 1488 3867 VI
1538 3806 1661 3868 699
1710 3801 2008 3867 ‘sollicito
2040 3852 2054 3865 .
2080 3852 2095 3867 .
2120 3852 2134 3867 .
2163 3800 2558 3868 tremoribus

177 3901 449 3985 orbem’3
506 3903 680 3971 idem
724 3904 842 3970 XV
887 3910 1008 3970 271
1075 3905 1240 3971 ‘imis
1299 3911 1624 3972 commota
1679 3905 2076 3971 tremoribus
2125 3904 2340 3972 orbis’.
2432 3912 2555 3973 798

177 4012 549 4091 motamque
604 4006 997 4074 tremoribus
1053 4007 1323 4075 urbem’.
1408 4008 1484 4074 In
1529 4008 1925 4076 nominativo
1984 4009 2192 4075 utitur
2241 4009 2556 4095 singulari

347 4252 400 4318 1)
434 4248 613 4304 Deest
644 4250 795 4321 apud
827 4250 1086 4306 Nauium.

344 4337 401 4405 2)
437 4334 645 4391 Omnes
677 4336 791 4391 loci
824 4335 1080 4393 Ovidiani
1114 4338 1318 4393 desunt
1350 4338 1501 4409 apud
1534 4337 1793 4394 Neuium.

337 4425 392 4489 3)
427 4420 589 4477 Neue
624 4421 655 4477 Ι
691 4424 811 4478 648.

344 4509 401 4578 4)
436 4506 597 4564 Neue
633 4506 669 4564 1
700 4510 820 4567 650.
