3325 5359
1717 351 2192 411 —124—

763 519 891 586 abl.
951 520 1111 605 sing.
1159 523 1269 586 Ae.
1314 522 1374 587 Il
1428 526 1554 588 698
1604 521 1644 589 i.
1695 520 1768 586 V.
1815 544 1878 605 p.
1939 526 2006 586 et
2057 521 2198 587 Aet.
2260 524 2386 584 436
2445 520 2485 584 i.
2531 521 2578 587 I.
2625 543 2688 605 p.
2773 520 2930 587 Gen.
2977 521 3113 603 sing.

766 631 891 693 390
934 626 975 691 i.
1018 625 1091 691 V.
1137 646 1200 709 p.
1248 630 1399 691 ante
1442 646 1578 693 voc.
1628 632 1696 692 et
1738 647 1908 692 nom.
1955 626 2114 709 sing.
2162 632 2284 692 515
2331 626 2373 691 i.
2422 626 2526 692 VI.
2571 648 2635 711 p.
2726 625 2899 691 Plur.
2943 626 3115 690 etiam

765 730 891 797 Cir.
941 733 1063 796 369
1113 729 1418 814 ‘sulpura'
1464 730 1505 794 i.
1536 730 1609 795 V.
1650 751 1713 814 p.
1803 729 2098 796 Tibullus
2144 730 2346 795 semel
2387 730 2512 795 hoc
2558 729 2783 795 vocab.
2829 730 3028 794 utitur
3064 729 3118 793 iu

768 831 896 899 abl.
944 833 1101 917 sing.
1145 834 1177 897 I
1224 839 1282 913 5,
1335 838 1407 899 11
1458 834 1499 899 i.
1527 833 1602 899 V.
1627 855 1692 918 p.
1785 833 2132 900 Ovidius
2171 833 2338 918 plur.
2373 838 2523 901 met.
2553 833 2650 899 111
2694 839 2819 900 374
2865 833 3120 916 ‘rapiunt

762 936 1012 1003 vivacia
1070 937 1341 1021 sulpura
1395 937 1764 1003 flammam’.
1843 936 1993 1003 XIV
2043 942 2159 1003 791
2212 937 2446 1003 ‘lurida
2493 987 2554 1003 ..
2601 942 2974 1022 supponunt
3015 936 3120 1001 sul·

762 1062 931 1127 pura
974 1040 1178 1107 fonti’.
1223 1041 1341 1107 XV
1389 1045 1506 1107 351
1544 1043 1585 1107 i.
1618 1042 1694 1109 V.
1725 1064 1788 1127 p.
1842 1042 2016 1108 Fast.
2063 1042 2094 1106 1
2125 1046 2244 1107 271
2297 1040 2564 1108 ‘subieci
2616 1041 2888 1126 sulpura
2930 1044 3120 1109 venis'.

764 1144 1039 1229 Saepius
1088 1144 1249 1229 sing.
1286 1143 1415 1211 abl.
1462 1148 1502 1211 i.
1550 1146 1624 1211 V.
1673 1168 1767 1230 p.:
1821 1145 2010 1230 epist.
2057 1144 2177 1211 VII
2223 1149 2324 1210 23.
2383 1147 2456 1211 Α.
2504 1166 2561 1211 a.
2607 1145 2640 1211 I
2684 1150 2830 1211 256.
2897 1146 2960 1211 II
2999 1152 3121 1213 441.

766 1248 943 1314 Rem.
976 1252 1123 1315 260.
1159 1254 1299 1315 731.
1345 1247 1497 1316 Met.
1531 1250 1586 1315 V
1616 1256 1762 1317 405.
1807 1248 1926 1315 VII
1958 1254 2102 1315 261.
2153 1248 2301 1313 XIV
2338 1254 2441 1315 87.
2489 1250 2540 1313 F
2545 1255 2666 1315 ast.
2699 1249 2786 1316 IV
2826 1254 2966 1315 739.
3001 1255 3121 1315 740.

766 1352 1045 1437 ‘Sulpur’
1091 1373 1149 1419 a.
1199 1374 1256 1435 a.
1304 1353 1367 1419 lI
1412 1358 1556 1420 330.

939 1458 1287 1523 susurri.
1380 1457 1700 1543 Vergilius
1763 1458 1966 1523 semel
2027 1456 2420 1541 singularem
2481 1457 2734 1542 profert
2799 1457 2916 1522 ecl.
2974 1458 3006 1521 I
3058 1462 3122 1521 55

766 1560 1069 1627 ‘susurro'
1113 1562 1154 1627 i.
1195 1561 1300 1629 VI.
1347 1585 1409 1648 p.
1500 1560 1828 1628 Pluralem
1887 1562 2246 1647 invenimus
2292 1561 2467 1647 apud
2510 1561 2924 1646 Propertium
2967 1561 3000 1626 1
3041 1567 3122 1639 11,

771 1670 847 1730 13
894 1664 1183 1731 ‘alterius
1222 1665 1781 1752 blandosvaudire
1813 1666 2154 1746 susurros'‚
2202 1686 2330 1750 quo
2377 1665 2570 1731 modo
2616 1666 2799 1731 elisio
2847 1666 3122 1731 evitatur.

764 1769 929 1834 Item
974 1769 1293 1853 pluralem
1340 1769 1608 1837 exhibet
1652 1771 2062 1837 Horatius
2105 1790 2300 1836 carm.
2349 1770 2378 1834 I
2426 1776 2484 1849 9,
2530 1775 2606 1835 19
2654 1768 2979 1853 ‘lenesque
3024 1769 3122 1834 sub

766 1878 1026 1939 noctem
1066 1874 1355 1941 susurri’.
2599 1894 2606 1899 ·

943 1982 1079 2043 tae
1096 1976 1321 2062 dial),
1368 1976 1647 2043 Pluralis
1677 1978 1956 2063 primum
1990 1978 2166 2062 apud
2193 1978 2240 2041 V
2263 1998 2296 2044 e
2313 2000 2348 2043 r
2365 1978 2443 2061 gi
2462 1978 2656 2043 lium
2685 1977 3010 2043 invenitur
3037 1978 3126 2060 qui
3236 1980 3237 1999 ³

772 2102 848 2146 eo
914 2083 1114 2149 semel
1170 2083 1378 2147 utitur
1440 2120 1527 2131 -—
1591 2081 1939 2165 singularis
1984 2082 2240 2148 obviam
2288 2102 2414 2147 non
2453 2087 2553 2145 est
2619 2118 2688 2127 —
2751 2101 2849 2164 ge.
2893 2082 2978 2146 IV
3025 2086 3123 2146 332
3236 2132 3237 2135 η

770 2190 977 2251 ‘tanta
1021 2206 1205 2251 meae
1249 2188 1305 2252 si
1340 2192 1407 2251 te
1452 2190 1765 2270 ceperunt
1809 2185 2030 2253 taedia
2074 2185 2327 2251 laudis'.
2405 2186 2546 2266 Quo
2591 2185 2658 2249 in
2704 2206 2828 2250 usu
2859 2185 3126 2268 sequitur
3236 2188 3237 2275 j

770 2287 1171 2355 Tibullus
1214 2289 1247 2354 I
1291 2296 1350 2371 4,
1403 2295 1481 2356 16
1535 2296 1635 2355 ‘ne
1675 2295 1743 2355 te
1789 2291 2050 2375 capient
2095 2340 2109 2355 .
2142 2342 2156 2355 .
2193 2340 2208 2354 .
2255 2289 2519 2355 Taedia'
2564 2289 2605 2355 i.
2653 2288 2703 2355 I.
2749 2310 2837 2373 p.‚
2883 2293 2952 2353 et
2993 2286 3124 2373 Lyd.

770 2393 833 2459 II
878 2398 916 2459 8
964 2397 1112 2459 ‘tot
1155 2392 1329 2459 mala
1371 2444 1385 2459 .
1419 2444 1435 2460 .
1480 2393 1741 2475 taedia'‚
1785 2395 1823 2461 i.
1855 2395 1902 2462 Ι.
1935 2418 1998 2478 p.
2047 2393 2436 2460 attributum
2485 2397 2552 2457 et
2593 2398 2744 2477 post
2774 2397 2949 2476 pent.
2983 2412 3124 2457 caes.

773 2495 1269 2572 substantivum.
1361 2497 1718 2564 Ovidius
1781 2518 1906 2564 am.
1967 2497 2030 2563 II
2079 2502 2174 2575 19,
2223 2502 2304 2562 25
2364 2497 2639 2582 ‘pinguis
2697 2517 2881 2561 amor
2928 2546 2942 2561 .
2977 2546 2992 2561 .
3025 2545 3037 2558 .
3076 2498 3128 2559 in
3236 2514 3237 2547 1

771 2600 993 2666 taedia
1036 2600 1223 2667 nobis
1250 2601 1582 2667 Vertitur’.
1654 2602 1863 2687 Epist.
1894 2601 1990 2667 III
2028 2606 2149 2667 139
2198 2601 2283 2666 ‘in
2325 2600 2550 2665 taedia
2591 2600 2839 2666 nostri’.
2915 2601 2989 2665 A.
3017 2621 3070 2663 a.
3107 2598 3129 2661 I
3236 2610 3237 2613 ’

776 2708 901 2769 718
946 2704 1185 2769 ‘taedia
1230 2704 1385 2770 tolle
1439 2706 1574 2771 tui'.
1644 2706 1706 2771 II
1754 2712 1876 2771 346
1924 2704 2163 2771 ‘taedia
2216 2703 2395 2770 nulla
2451 2704 2642 2787 fuge’.
2735 2709 2861 2769 530
2913 2702 3131 2768 ‘taedia
3236 2710 3237 2737 ³

772 2806 945 2872 ferre
970 2808 1121 2874 sui’.
1175 2809 1353 2874 Rem.
1390 2814 1511 2875 539
1545 2809 1786 2875 ‘taedia
1816 2830 2060 2894 quaere
2089 2809 2259 2874 mali.
2293 2808 2544 2874 faciunt
2573 2812 2640 2871 et
2668 2807 2890 2873 taedia
2916 2806 3128 2872 finem'.
3236 2886 3237 2915 i

773 2910 927 2977 Met.
973 2912 1091 2977 VII
1139 2918 1261 2978 572
1310 2918 1643 2997 ‘tantaque
1831 2913 2053 2979 taedia
2096 2912 2288 2978 lecti’.
2341 2910 2434 2978 IX
2482 2916 2604 2977 616
2652 2910 2892 2976 ‘taedia
2939 2910 3132 2993 coepti
3236 2936 3237 2949 2

775 3014 927 3079 Ulla
971 3017 1099 3082 mei
1145 3017 1439 3102 capiam'‚
1486 3017 1565 3083 de
1594 3016 1870 3103 Byblide
1914 3038 2084 3099 quae
2115 3015 2308 3104 fratri
2335 3036 2456 3101 per
2487 3014 2834 3099 epistulam
2868 3034 3131 3080 amorem

756 3118 1076 3185 ‘confessa
1106 3120 1191 3185 ab
1224 3142 1428 3205 eoque
1470 3122 1718 3187 reiecta
1747 3127 1864 3186 est.
1945 3120 2007 3186 X
2031 3126 2154 3187 482
2190 3119 2566 3204 ‘mortisque
2596 3124 2808 3184 metus
2839 3123 2905 3183 et
2935 3117 3133 3184 taedia
3236 3130 3237 3135 ’

773 3224 983 3289 vitae‘.
1033 3230 1155 3290 625
1202 3225 1441 3290 ‘taedia
1471 3225 1682 3291 vitae'.
1727 3224 1880 3289 XIII
1922 3230 2044 3290 213
2092 3224 2287 3306 ‘longi
2330 3223 2554 3289 taedia
2592 3222 2789 3288 belli'.
2846 3222 2998 3287 XIV
3033 3224 3132 3285 158
3236 3244 3237 3249 ¹

774 3325 1017 3391 ‘taedia
1074 3328 1269 3411 longa
1325 3325 1663 3394 laborum'.
1755 3334 1878 3395 718
1941 3334 2153 3393 ‘erunt
2211 3327 2334 3393 tibi
2381 3327 2604 3393 taedia
2653 3326 2921 3391 tandem
2961 3324 3132 3389 Nulla

774 3430 1047 3511 ferenda
1091 3431 1255 3496 mei’.
1329 3431 1421 3497 Ib.
1466 3439 1591 3499 584
1638 3433 1831 3498 ‘vitae
1885 3432 2106 3499 taedia
2165 3432 2340 3497 iusta
2399 3430 2590 3500 tuae’.
2659 3429 2843 3495 Pont.
2889 3430 2922 3495 I
2965 3436 3020 3508 9,
3065 3432 3128 3492 31

777 3533 1019 3598 ‘taedia
1063 3534 1271 3600 vitae’.
1316 3536 1409 3601 III
1455 3542 1512 3617 7,
1561 3541 1597 3601 3
1643 3537 1683 3602 i.
1715 3536 1762 3601 Ι.
1795 3559 1856 3621 p.
1911 3536 1999 3603 IV
2052 3540 2150 3615 15,
2200 3539 2282 3601 30
2328 3534 2626 3600 ‘subeant
2669 3535 2886 3599 animo
2933 3532 3133 3598 taedia

775 3636 951 3702 iusta
994 3638 1146 3703 tuo’.

949 3745 1181 3807 tecta
1202 3742 1273 3827 2).
1364 3744 1558 3810 Cuius
1618 3744 1794 3809 vocis
1849 3744 2212 3828 plurativus
2271 3763 2577 3808 numerus
2639 3763 2680 3806 a
2735 3742 2950 3825 poetis
3007 3760 3133 3824 per·

780 3865 975 3929 saepe
1019 3852 1376 3930 usurpatur
1421 3853 1484 3912 et
1532 3848 1616 3913 ad
1647 3848 1838 3913 unius
1871 3848 2098 3913 domus
2131 3852 2376 3913 tectum
2411 3845 2907 3929 significandum
2938 3850 3005 3911 et
3031 3862 3132 3927 pro

778 3947 969 4013 domo
1021 3950 1183 4033 ipsa,
1245 3971 1372 4033 quo
1433 3972 1625 4017 sensu
1685 3952 1882 4017 etiam
1928 3951 2279 4036 scriptores
2322 3951 2448 4016 hoc
2490 3948 2808 4015 vocabulo
2863 3954 3133 4022 utuntur,

780 4050 894 4116 sed
940 4052 1356 4135 singulariter
1399 4053 1512 4118 ubi
1559 4055 1639 4120 de
1685 4076 1814 4120 uno
1840 4060 2098 4119 tantum
2132 4054 2426 4120 aedificio
2459 4053 2754 4138 quaestio
2787 4057 2906 4117 est.
2973 4050 3132 4115 Illius
3236 4038 3237 4045 ἵ

780 4176 939 4220 usus
994 4156 1303 4239 plurativi
1358 4163 1592 4241 poetae
1638 4159 1854 4224 Latini
1901 4159 2270 4241 analogiam
2323 4156 2658 4223 habebant
2699 4157 2767 4221 in
2811 4161 3131 4240 poetarum

956 4327 1002 4396 1)
1040 4328 1198 4382 Neue
1235 4329 1265 4381 I
1302 4334 1419 4385 636.
1491 4331 1678 4401 Spitta
1712 4333 1795 4385 42.
1865 4330 2122 4385 Bednara
2157 4332 2274 4385 549.

952 4416 1007 4481 2)
1047 4414 1233 4484 Spitta
1283 4420 1331 4470 9.
1367 4420 1449 4472 28.
1487 4420 1570 4471 29.
1642 4416 2024 4475 Braumueller
2058 4417 2088 4469 I
2141 4419 2224 4471 11.
2259 4417 2343 4469 20.
2415 4414 2820 4470 Overholthaus
2855 4416 2903 4467 5.
2972 4408 3130 4466 Land-

782 4500 909 4572 graf
942 4502 1024 4555 72.
1096 4500 1281 4573 slotty
1323 4506 1401 4557 18.
1439 4506 1522 4561 41.
1556 4506 1638 4557 44.
1675 4506 1758 4558 45.
1801 4505 1885 4558 46.
1919 4505 2005 4557 49.
2075 4502 2334 4558 Bednara
2367 4504 2486 4557 549.
2523 4503 2642 4558 550.
