3325 5359
1688 364 2117 425 -12-

883 534 1142 599 Primae
1185 531 1636 599 declinationis
1681 531 2091 598 substantiva
2113 533 2160 618 ι)
2203 553 2372 616 quae
2417 537 2572 598 ante
2615 532 2859 600 exitum
2907 556 3097 619 prae-

712 638 871 705 bent
913 636 1229 724 syllabam
1280 638 1560 720 longam,
1606 642 1674 702 et
1716 636 2133 720 singulariter
2182 642 2247 701 ct
2288 635 2633 721 pluraliter
2677 637 2762 703 ad
2820 645 3098 705 metrum

713 742 1040 825 quadrant
1100 781 1178 791 —
1235 740 1411 807 velut
1473 744 1642 819 cera,
1708 745 1933 807 mensa
1996 764 2112 821 -3
2186 740 2522 824 genetivus
2581 740 2856 825 pluralis
2922 741 3097 808 nullo

710 866 918 930 paene
961 845 1106 911 loco
1151 844 1455 925 occurrit,
1513 864 1907 928 quamquam
1960 865 2080 928 per
2125 864 2195 909 se
2239 843 2405 909 haec
2461 844 2673 909 forma
2716 849 2925 911 metro
2969 867 3097 912 non

711 949 1088 1033 respuitur.··
1149 950 1316 1013 Ante
1356 946 1612 1013 vocales
1656 951 2059 1032 usurpantur
2094 968 2218 1031 pro
2265 945 2572 1029 ablativo,
2621 947 2864 1030 dativo,
2907 969 3098 1017 accu-

714 1054 923 1119 sativo
971 1050 1318 1135 singularis
1362 1051 1612 1117 formae
1656 1051 2025 1136 plurativae
2056 1051 2140 1117 ad
2171 1050 2421 1117 hiatum
2470 1051 2862 1119 evitandum.
2936 1053 3097 1119 Item

711 1156 1022 1242 perfacile
1062 1155 1459 1240 adaptantur
1501 1161 1714 1221 metro
1758 1176 1929 1240 quae
1972 1175 2163 1222 voces
2202 1176 2283 1220 ex
2332 1153 2587 1221 duabus
2632 1156 2903 1241 syllabis
2948 1178 3098 1223 con-

714 1265 894 1326 stant
935 1261 1049 1339 ita,
1111 1264 1185 1324 ut
1225 1258 1407 1343 prior
1449 1259 1537 1324 sit
1577 1258 1811 1325 brevis.
1902 1260 2189 1340 Quarum
2250 1278 2473 1323 omnes
2524 1279 2715 1325 casus
2760 1267 2914 1325 sunt
2956 1261 3094 1344 apti

719 1369 992 1448 excepto
1039 1362 1333 1446 genetivo
1393 1361 1685 1447 pluraliS,
1746 1384 1935 1446 quem
1981 1362 2359 1428 hexameter
2398 1382 2527 1428 non
2570 1362 2821 1447 patitur
2861 1364 2989 1430 nisi
3031 1364 3097 1429 in

714 1467 822 1534 IV.
855 1473 921 1533 et
965 1467 1068 1534 VI.
1112 1466 1296 1552 pede,
1343 1470 1751 1551 pentameter
1794 1467 2053 1533 omnino
2101 1466 2389 1532 excludit
2408 1466 2463 1550 Β)
2508 1507 2584 1517 -
2620 1486 2701 1533 ex
2740 1487 2871 1550 quo
2914 1467 3095 1533 elisio

715 1570 1191 1637 terminationis
1249 1592 1383 1635 -um
1445 1571 1744 1636 evitatur.
1847 1570 2092 1635 Eadem
2158 1569 2266 1635 lex
2326 1569 2665 1637 elisionum
2726 1569 2967 1650 effecit,
3024 1577 3100 1637 ut

714 1676 926 1759 poetis
971 1695 1196 1740 earum
1241 1694 1488 1753 vocum,
1534 1694 1704 1757 quae
1747 1678 1899 1739 ante
1945 1674 2187 1739 exitum
2233 1673 2527 1739 trochaei
2571 1674 2850 1757 speciem
2882 1680 3097 1740 osten·

724 1778 904 1859 dunt,
963 1777 1140 1843 solus
1184 1778 1618 1843 nominativus
1663 1777 2009 1860 singularis
2042 1798 2186 1844 cum
2234 1782 2441 1843 metro
2483 1778 2875 1844 conveniret.
2966 1778 3095 1844 Sed

717 1881 893 1947 aliud
943 1902 1201 1966 quoque
1245 1882 1574 1947 nominum
1621 1902 1824 1965 genus
1866 1882 1933 1946 in
1975 1882 2189 1966 prima
2233 1880 2664 1947 declinatione
2709 1880 2965 1946 obviam
3003 1882 3097 1960 fit,

715 1986 1018 2051 nimirum
1065 2006 1255 2051 voces
1301 2006 1575 2069 quarum
1620 1985 2057 2052 nominativus
2100 1984 2447 2068 singularis
2490 1984 2703 2051 tribus
2732 1984 3100 2050 continetur

719 2089 987 2175 syllabis
1044 2088 1348 2155 brevibus
1395 2126 1480 2137 ——·
1525 2088 1705 2155 velut
1749 2089 1994 2155 hedera
2036 2088 2209 2155 viola
2249 2126 2337 2136 —
2383 2108 2546 2171 quas
2591 2088 2659 2152 in
2702 2089 3099 2155 nominativo

716 2192 1062 2276 singularis
1095 2198 1161 2258 et
1189 2193 1486 2276 genetivo
1520 2193 1795 2277 pluralis
1838 2197 2117 2258 metrum
2162 2212 2289 2257 non
2333 2192 2585 2276 patitur
2614 2216 2730 2275 —3
2776 2192 3098 2258 secundae

719 2295 1172 2362 declinationis
1202 2296 1563 2362 masculina
1593 2296 1936 2381 pluraliter
1966 2296 2348 2381 plerumque
2375 2296 2445 2360 in
2476 2296 2847 2361 accusativo
2878 2295 3098 2371 dativo

717 2400 1007 2466 ablativo
1029 2400 1453 2485 proferuntur
1472 2420 1593 2484 pro
1619 2400 1953 2483 singulari,
1982 2399 2285 2465 videlicet
2309 2399 2392 2465 ad
2417 2398 2717 2465 elisiones
2742 2398 3097 2465 evitandas.

715 2504 998 2570 Maiores
1057 2502 1480 2569 difficultates
1539 2508 1891 2569 occurrunt
1946 2504 2016 2568 in
2071 2504 2271 2569 tertia
2328 2502 2778 2570 declinatione.
2876 2502 3097 2569 Mono-

716 2607 966 2693 syllaba
984 2607 1038 2694 3)
1100 2629 1375 2692 quorum
1435 2608 1625 2673 radix
1671 2628 1706 2673 e
1761 2606 1944 2673 brevi
2001 2612 2260 2673 constat
2314 2606 2525 2673 vocali
2571 2646 2648 2655 —
2700 2606 2879 2673 velut
2936 2606 3100 2691 daps

715 2712 828 2796 pix
868 2750 956 2760 —
994 2712 1062 2777 in
1108 2710 1404 2777 omnibus
1451 2720 1518 2776 et
1575 2709 1923 2795 singularis
1982 2715 2050 2776 et
2108 2710 2383 2795 pluralis
2442 2709 2703 2776 casibus
2760 2710 3101 2776 commoda

719 2821 888 2881 sunt.
976 2817 1159 2895 Quae
1207 2814 1454 2881 habent
1508 2814 1770 2899 longam
1814 2813 2101 2880 vocalem
2144 2815 2213 2879 in
2255 2814 2497 2895 radice,
2554 2814 2864 2879 amittunt
2908 2835 3100 2898 gene·

715 2920 919 2985 tivum
978 2919 1251 3004 pluralis
1309 2920 1514 3005 (velut
1573 2920 1739 3004 arx).
1829 2919 2115 2999 Quorum
2178 2919 2459 3002 genetivi
2522 2918 2965 2985 terminationi
3015 2918 3101 2985 -is

722 3023 891 3089 duae
935 3022 1330 3088 antecedunt
1375 3022 1665 3109 syllabae
1707 3021 1936 3087 breves
1974 3060 2061 3071 -
2099 3022 2331 3088 hiemis
2358 3060 2447 3071 -—
2485 3027 2849 3106 repugnant
2892 3027 3100 3088 metro

723 3129 790 3192 in
856 3126 1142 3193 ablativo
1213 3127 1560 3211 singularis
1629 3132 1696 3191 et
1762 3127 2087 3211 genetivO,
2161 3126 2407 3205 dative,
2476 3124 2763 3191 ablativo
2826 3125 3100 3210 pluralis

721 3236 994 3315 propter
1039 3230 1438 3315 tribrachyn.
1480 3268 1554 3279 —
1586 3229 1865 3295 Nomina
1899 3228 2222 3315 bisyllaba
2258 3230 2327 3294 in
2362 3229 2447 3293 ·is
2493 3228 2779 3294 formata
2823 3250 3101 3313 quorum

717 3334 900 3419 prior
958 3333 1210 3419 syllaba
1268 3334 1482 3399 brevis
1536 3338 1636 3399 est
1683 3371 1764 3381 -
1806 3333 1985 3398 velut
2029 3332 2189 3397 ciuis
2231 3368 2318 3379 -
2362 3331 2673 3397 deficiunt
2726 3338 2987 3418 poetam
3032 3334 3101 3397 in

719 3437 1004 3503 ablativo
1071 3437 1416 3521 singularis
1477 3442 1543 3501 et
1609 3435 1857 3517 dativ0,
1931 3435 2216 3501 ablativo
2289 3435 2564 3520 pluralis
2627 3441 2898 3520 propter
2961 3442 3101 3501 tres

719 3541 1004 3627 syllabas
1069 3541 1312 3605 breves.
1403 3540 1548 3605 Huc
1605 3541 1803 3606 etiam
1862 3538 2219 3605 trahendae
2277 3544 2429 3605 sunt
2476 3559 2686 3620 vocae,
2746 3539 2957 3623 qualis
3001 3545 3102 3605 est

717 3645 913 3711 latex.
973 3682 1062 3696 —
1120 3643 1466 3711 Nominum
1523 3644 1590 3709 in
1634 3663 1742 3708 -or
1799 3643 2189 3724 cadentium,
2246 3643 2548 3708 nimirum
2610 3641 3099 3728 bisyllaborum,

724 3768 894 3832 quae
920 3748 1203 3832 priorem
1237 3746 1553 3833 syllabam
1587 3746 1835 3813 habent
1864 3746 2145 3827 brevem,
2188 3746 2368 3812 velut
2396 3750 2594 3831 sapor
2626 3750 2821 3812 senor
2853 3750 3103 3813 tremor

719 3855 934 3933 timor,
980 3872 1200 3917 omnes
1247 3871 1435 3916 casus
1481 3855 1675 3934 aptae
1722 3855 1872 3915 sunt
1904 3851 2133 3934 poetis,
2179 3850 2293 3915 sed
2337 3849 2798 3935 praeferuntur
2842 3850 3102 3916 dativus

723 3960 790 4021 et
841 3949 1163 4020 ablativus
1222 3953 1514 4039 pluralis.
1563 3991 1651 4003 —-
1707 3954 1782 4019 In
1831 3958 2070 4037 quarta
2132 3953 2563 4019 declinatione
2635 3954 2853 4037 agitur
2907 3974 3100 4037 gene·

718 4057 949 4124 raliter
1025 4057 1107 4124 de
1179 4058 1551 4124 accusativo
1639 4057 1988 4141 singularis
2076 4062 2143 4122 et
2211 4056 2505 4142 pluralis,
2597 4056 2709 4141 qui
2795 4056 3100 4123 videlicet

893 4250 945 4317 1)
979 4246 1180 4303 Koene
1219 4250 1300 4303 39.
1336 4248 1423 4302 40.
1525 4236 1528 4242 ⁵

891 4336 946 4402 2)
983 4334 1183 4388 Koene
1217 4337 1268 4389 6.
1302 4336 1387 4389 39.

895 4422 948 4489 3)
987 4419 1196 4475 Poetae
1250 4421 1549 4490 praecipue
1602 4419 1873 4490 pluralem
1908 4420 2246 4489 praeferunt,
2298 4424 2362 4475 ut
2416 4418 2721 4488 elegantius
2770 4420 2825 4471 et
2876 4416 3099 4470 mollius

719 4522 909 4562 versus
947 4506 1165 4562 cadant.
