3325 5359
1196 319 1629 380 -19-

220 490 402 552 certo
450 485 808 551 diiudicare
850 487 1189 570 possimus.
1293 485 1839 570 Frobenius1)
1873 484 2149 571 ‘templa
2186 484 2375 553 caeli’
2424 487 2599 558 idom

220 590 532 656 denotare
588 595 781 673 putat
837 596 1034 673 atque
1095 590 1356 655 domum
1405 590 1803 669 caelestium,
1856 589 1991 656 ‘die
2047 592 2419 675 geraumige
2476 591 2600 656 Be-

215 693 517 777 hausung
582 693 700 759 der
764 692 1234 764 himmlischen
1276 689 1546 759 Gotter'.
1665 694 1783 759 Cui
1848 694 1986 759 viro
2052 694 2247 760 docto
2318 695 2598 778 primum

218 817 476 881 oppono
537 796 858 882 pluralem
920 797 1183 862 minime
1241 796 1485 863 habere
1543 797 1673 861 vim
1734 796 2006 882 epitheti
2057 799 2378 879 ornantis,
2442 818 2599 882 ergo

218 900 732 966 additamentum
767 898 1159 984 ‘geraumig’
1207 921 1683 984 supervacuum
1734 921 1894 966 esse.
1982 901 2144 966 Tum
2189 900 2271 965 de
2314 901 2598 986 explica-

219 1005 398 1070 tione
444 1025 614 1089 quae
659 1004 736 1069 fit
779 1026 897 1088 per
939 1025 1162 1070 vocem
1196 1001 1640 1088 ‘Behausung’
1708 1003 1995 1070 dubitari
2039 1009 2272 1089 potest.
2363 1003 2599 1070 Videa-

219 1130 363 1173 mus
407 1108 718 1174 nonnulla
763 1107 1092 1192 exempla:
1140 1108 1385 1174 Ennius
1435 1111 1504 1173 A.
1539 1114 1618 1175 65
1662 1106 1860 1174 ‘unus
1890 1108 2016 1173 erit
2056 1128 2248 1191 quem
2291 1112 2367 1172 tu
2407 1107 2599 1174 tofles
2654 1193 2659 1200 Ι

218 1212 285 1277 in
331 1211 594 1278 caerula
636 1211 799 1277 caeli
845 1208 1132 1295 Templa'
1158 1211 1212 1290 2)
1257 1211 1395 1297 (ubi
1443 1213 1524 1277 de
1570 1212 1847 1277 Romulo
1904 1213 2179 1296 agitur);
2241 1232 2411 1277 scen.
2475 1215 2597 1276 196

208 1314 278 1380 ‘o
324 1335 560 1399 magna
603 1315 850 1398 templa
894 1316 1198 1380 caelitum
1245 1316 1594 1380 commixta
1634 1315 1840 1381 stellis
1884 1314 2302 1399 splendidis';
2362 1321 2429 1381 et
2467 1316 2599 1384 alia

219 1439 388 1504 quae
447 1420 516 1483 in
566 1419 779 1484 indice
840 1418 1111 1484 collecta
1170 1425 1338 1485 sunt.
1429 1419 1552 1484 Hic
1610 1419 1782 1485 addo
1838 1423 2090 1484 tantum
2141 1424 2211 1484 A.
2259 1425 2374 1485 541
2416 1417 2598 1485 ‘con-

215 1523 487 1588 tremuit
542 1523 854 1606 templum
901 1543 1202 1606 magnum
1243 1523 1412 1588 Iovis
1461 1519 1918 1588 altitonantis'.
2010 1525 2300 1608 Apparet
2358 1523 2473 1589 ubi
2517 1521 2597 1587 de

221 1625 662 1710 compluribus
722 1627 859 1691 deis
916 1627 1162 1710 agitur,
1225 1627 1396 1691 vocis
1434 1624 1803 1710 ‘templum'
1867 1625 2187 1711 pluralem
2232 1625 2596 1694 adhibitum

218 1750 379 1810 esse,
443 1735 672 1795 contra
717 1730 798 1796 de
843 1730 1011 1795 Iovis
1070 1730 1270 1796 solius
1316 1731 1639 1796 domicilio
1686 1728 2098 1812 singularem.
2208 1731 2425 1808 Quare
2467 1729 2596 1795 illis

214 1833 396 1914 locis,
439 1833 554 1898 ubi
582 1834 949 1917 plurativus
979 1856 1286 1899 numerus
1316 1834 1624 1913 occurrit,
1668 1854 1865 1898 unam
1894 1838 1960 1899 et
1988 1853 2287 1917 magnam
2326 1832 2596 1898 deorum

218 1937 477 2003 domum
522 1937 1024 2020 intellegendam
1074 1958 1216 2004 esse
1260 1959 1453 2022 neg0,
1513 1937 1628 2002 sed
1676 1936 1755 2002 de
1812 1935 2251 2020 compluribus
2296 1935 2595 2002 domibus

218 2041 630 2124 cogitandum
701 2061 859 2106 esse.
968 2041 1286 2105 Videlicet
1350 2042 1416 2105 in
1479 2041 1606 2106 hac
1664 2061 1737 2106 re
1793 2038 1998 2105 verba
2053 2040 2409 2123 premenda
2466 2061 2597 2106 non

217 2165 376 2225 esse,
435 2166 581 2210 cum
623 2150 914 2210 veterum
963 2145 1324 2209 sententiae
1370 2144 1448 2209 de
1495 2145 1693 2210 rebus
1738 2143 1971 2209 divinis
2030 2149 2246 2208 essent
2285 2144 2594 2209 incertae.

215 2249 448 2332 Itaque
478 2247 1284 2331 Radermacherus3)
1327 2248 1408 2313 iis
1445 2249 1558 2332 qui
1588 2247 1919 2314 veteribus
1953 2247 2261 2327 obiciunt,
2306 2247 2483 2331 quod
2526 2248 2593 2312 in

215 2352 346 2418 illis
403 2351 601 2418 rebus
645 2351 773 2416 sibi
813 2372 943 2416 non
1006 2355 1330 2431 constent,
1395 2357 1572 2416 recte
1632 2351 1936 2436 opponit:
1986 2349 2136 2416 ‘das
2177 2349 2344 2415 Volk
2400 2350 2598 2415 nabm

218 2477 302 2520 an
367 2455 622 2521 solcher
688 2455 1099 2537 Verwirrung
1157 2453 1388 2519 keinen
1449 2458 1751 2534 Anstoss‚
1807 2454 1952 2520 weil
2012 2455 2189 2520 scine
2248 2454 2597 2520 Phantasie

219 2609 233 2624 .
272 2609 285 2623 .
333 2580 416 2623 an
463 2559 910 2643 dogmatische
955 2557 1331 2624 Schranken
1376 2558 1558 2624 nicht
1601 2558 1945 2642 gebunden
1988 2557 2171 2622 war’.
2262 2556 2411 2623 Mea
2459 2557 2601 2641 qui-

218 2663 362 2731 dem
411 2663 734 2728 sententia
768 2662 1133 2746 pluralibus
1176 2662 1302 2726 illis
1347 2683 1572 2728 sensus
1616 2661 1979 2746 plurativus
2010 2661 2427 2746 denegandus
2471 2681 2601 2726 non

220 2771 335 2830 est.
425 2767 568 2845 Qua
613 2765 1042 2849 explicatione
1104 2767 1300 2831 etiam
1347 2766 1745 2831 elocutiones
1797 2765 1984 2846 aliae,
2048 2786 2217 2849 quae
2271 2785 2391 2849 per
2444 2785 2599 2830 ana-

216 2869 454 2950 logiam
518 2869 692 2933 illius
750 2869 946 2948 fiunt,
1002 2869 1294 2951 intellegi
1347 2875 1620 2952 possunt
1673 2869 1964 2948 facilius,
2023 2869 2326 2934 nimirum
2387 2873 2598 2933 trans·

217 2970 494 3036 lationes
560 2971 737 3036 velut
783 2970 1174 3036 ‘Acherusia
1233 2969 1502 3055 templa'
1567 2976 1633 3036 et
1680 2969 1995 3053 ‘Neptuni
2039 3021 2099 3035 ..
2161 2970 2431 3054 templa’
2490 2972 2599 3055 (de

217 3074 412 3158 mari)
427 3073 505 3158 4).
572 3074 822 3154 Quibus
869 3075 935 3138 in
967 3073 1438 3139 elocutionibus
1485 3074 1828 3158 originatio
1861 3074 2071 3138 locum
2102 3074 2305 3139 habet
2332 3075 2596 3139 nullum.

218 3179 397 3258 Qum
447 3199 589 3245 cum
634 3179 730 3243 ita
775 3178 936 3258 sint,
998 3198 1116 3260 ego
1179 3177 1435 3261 quidem
1481 3198 1711 3244 censeo
1774 3177 1854 3241 de
1898 3177 2077 3243 hisce
2124 3177 2596 3244 elocutionibus

215 3302 336 3366 pro
383 3287 561 3347 certo
606 3281 766 3347 nihil
812 3281 940 3346 dici
981 3301 1192 3365 posse,
1254 3303 1400 3346 cum
1443 3303 1676 3367 parum
1723 3282 2021 3362 sciamuS‚
2079 3275 2208 3366 quo
2255 3281 2447 3348 modo
2488 3302 2595 3347 ve·

217 3390 392 3450 teres
443 3386 524 3450 de
562 3385 690 3450 illis
733 3385 929 3450 rebus
977 3385 1420 3468 cogitaverint.

389 3488 576 3553 Nunc
644 3489 776 3553 iam
846 3489 928 3553 ad
999 3489 1190 3553 aliam
1259 3489 1753 3554 translationem
1830 3489 2279 3573 explicandam
2348 3489 2597 3554 animos

217 3591 660 3672 intendamUS,
723 3593 1023 3657 nimirum
1087 3592 1171 3656 ad
1216 3592 1416 3670 verba
1467 3590 1787 3658 ‘limina
1833 3593 2105 3672 solis’‚
2166 3613 2333 3676 quae
2376 3593 2598 3676 plura-

216 3694 367 3759 liter
411 3695 702 3760 Catullus
724 3696 774 3780 5)
821 3697 1068 3778 primus
1113 3697 1180 3760 in
1227 3717 1586 3761 sermonem
1632 3703 1973 3781 poetarum
2017 3697 2455 3761 Romanorum
2499 3696 2595 3759 in-

219 3797 422 3861 duxit.
495 3796 944 3863 Pulcherrima
990 3799 1186 3864 etiam
1217 3799 1404 3864 nobis
1452 3799 1939 3864 circumlocutio
1985 3799 2099 3864 illa
2132 3799 2389 3864 videtur
2424 3821 2596 3880 esse;

216 3921 366 3965 nam
412 3900 696 3984 perbene
742 3900 850 3965 ille
894 3902 1093 3981 locus,
1140 3903 1252 3968 ubi
1297 3903 1546 3968 caelum
1593 3908 1659 3966 et
1702 3923 1881 3967 mare
1914 3903 2265 3968 cohaerere
2294 3902 2597 3968 videntur

386 4109 440 4262 ἐξ
477 4111 825 4250 fflg'ffioem
863 4195 913 4248 d.
953 4195 1166 4265 republ.
1202 4195 1293 4250 VI
1327 4197 1412 4251 24.

385 4283 438 4348 3)
475 4279 592 4334 Das
627 4281 876 4336 denseits
915 4300 968 4351 p.
1006 4283 1074 4335 32
1111 4283 1306 4350 (1903).

385 4368 441 4434 4)
480 4366 592 4420 Ofr.
630 4365 810 4421 Plaut.
849 4367 992 4421 Rud.
1033 4371 1150 4422 909.
1188 4367 1309 4421 Mil.
1347 4367 1498 4422 Glor.
1536 4370 1656 4420 413.

385 4455 436 4520 5)
480 4457 562 4520 64,
597 4456 715 4506 271.
