<?xml version="1.0" encoding="UTF-8"?>
<!DOCTYPE html PUBLIC "-//W3C//DTD XHTML 1.0 Transitional//EN"
    "http://www.w3.org/TR/xhtml1/DTD/xhtml1-transitional.dtd">
<html xmlns="http://www.w3.org/1999/xhtml" xml:lang="en" lang="en">
 <head>
  <title>
</title>
<meta http-equiv="Content-Type" content="text/html;charset=utf-8" />
  <meta name='ocr-system' content='tesseract 3.04.00' />
  <meta name='ocr-capabilities' content='ocr_page ocr_carea ocr_par ocr_line ocrx_word'/>
</head>
<body>
  <div class='ocr_page' id='page_1' title='image "./deromanorumplur00schigoog_0152.png"; bbox 0 0 3325 5359; ppageno 0'>
   <div class='ocr_carea' id='block_1_1' title="bbox 1638 334 2114 395">
    <p class='ocr_par' dir='ltr' id='par_1_1' title="bbox 1638 334 2114 395">
     <span class='ocr_line' id='line_1_1' title="bbox 1638 334 2114 395; baseline 0.002 -1"><span class='ocrx_word' id='word_1_1' title='bbox 1638 334 2114 395; x_wconf 75' lang='lat'>-150—</span> 
     </span>
    </p>
   </div>
   <div class='ocr_carea' id='block_1_2' title="bbox 685 503 3081 4534">
    <p class='ocr_par' dir='ltr' id='par_1_2' title="bbox 685 503 3081 4534">
     <span class='ocr_line' id='line_1_2' title="bbox 690 503 3064 590; baseline 0.001 -22"><span class='ocrx_word' id='word_1_2' title='bbox 690 524 729 568; x_wconf 93' lang='lat' dir='ltr'>o</span> <span class='ocrx_word' id='word_1_3' title='bbox 772 508 1045 589; x_wconf 85' lang='lat' dir='ltr'>tergum,</span> <span class='ocrx_word' id='word_1_4' title='bbox 1092 525 1129 568; x_wconf 92' lang='lat' dir='ltr'>o</span> <span class='ocrx_word' id='word_1_5' title='bbox 1175 503 1314 568; x_wconf 62' lang='lat' dir='ltr'>lac?</span> <span class='ocrx_word' id='word_1_6' title='bbox 1360 504 1761 583; x_wconf 88' lang='lat' dir='ltr'>immitteret,</span> <span class='ocrx_word' id='word_1_7' title='bbox 1779 504 1970 570; x_wconf 71' lang='lat' dir='ltr'>&#39;Tnihil</span> <span class='ocrx_word' id='word_1_8' title='bbox 2015 504 2389 570; x_wconf 80' lang='lat' dir='ltr'>Ciceronem</span> <span class='ocrx_word' id='word_1_9' title='bbox 2418 503 2834 589; x_wconf 84' lang='lat' dir='ltr'>impedivisse</span> <span class='ocrx_word' id='word_1_10' title='bbox 2867 512 3064 590; x_wconf 83' lang='lat' dir='ltr'>&#39;appa-</span> 
     </span>
     <span class='ocr_line' id='line_1_3' title="bbox 687 601 3064 692; baseline 0.001 -19"><span class='ocrx_word' id='word_1_11' title='bbox 687 613 791 673; x_wconf 88' lang='lat' dir='ltr'>ret</span> <span class='ocrx_word' id='word_1_12' title='bbox 834 608 957 673; x_wconf 87' lang='lat' dir='ltr'>nisi</span> <span class='ocrx_word' id='word_1_13' title='bbox 992 601 1323 692; x_wconf 87' lang='lat' dir='ltr'>exemplar</span> <span class='ocrx_word' id='word_1_14' title='bbox 1370 608 1691 674; x_wconf 86' lang='lat' dir='ltr'>Graecum</span> <span class='ocrx_word' id='word_1_15' title='bbox 1731 606 1965 692; x_wconf 91' lang='lat' dir='ltr'>ipsum.</span> <span class='ocrx_word' id='word_1_16' title='bbox 2048 607 2294 687; x_wconf 80' lang='lat' dir='ltr'>Quodsi</span> <span class='ocrx_word' id='word_1_17' title='bbox 2335 607 2670 675; x_wconf 90' lang='lat' dir='ltr'>Prisciano</span> <span class='ocrx_word' id='word_1_18' title='bbox 2716 608 2911 675; x_wconf 90' lang='lat' dir='ltr'>fidem</span> <span class='ocrx_word' id='word_1_19' title='bbox 2953 610 3064 675; x_wconf 82' lang='lat' dir='ltr'>ha-</span> 
     </span>
     <span class='ocr_line' id='line_1_4' title="bbox 688 711 3068 799; baseline 0.001 -22"><span class='ocrx_word' id='word_1_20' title='bbox 688 712 930 793; x_wconf 75' lang='lat' dir='ltr'>bemuS‚</span> <span class='ocrx_word' id='word_1_21' title='bbox 952 712 1083 777; x_wconf 90' lang='lat' dir='ltr'>iam</span> <span class='ocrx_word' id='word_1_22' title='bbox 1116 712 1331 778; x_wconf 88' lang='lat' dir='ltr'>Livius</span> <span class='ocrx_word' id='word_1_23' title='bbox 1356 712 1758 778; x_wconf 82' lang='lat' dir='ltr'>Andronicus</span> <span class='ocrx_word' id='word_1_24' title='bbox 1788 711 1980 777; x_wconf 87' lang='lat' dir='ltr'>huius</span> <span class='ocrx_word' id='word_1_25' title='bbox 2009 714 2184 777; x_wconf 87' lang='lat' dir='ltr'>vocis</span> <span class='ocrx_word' id='word_1_26' title='bbox 2213 712 2533 797; x_wconf 81' lang='lat' dir='ltr'><strong>pluralem</strong></span> <span class='ocrx_word' id='word_1_27' title='bbox 2567 714 2928 798; x_wconf 86' lang='lat' dir='ltr'>usurpavit,</span> <span class='ocrx_word' id='word_1_28' title='bbox 2958 716 3068 799; x_wconf 90' lang='lat' dir='ltr'>qui</span> 
     </span>
     <span class='ocr_line' id='line_1_5' title="bbox 689 815 3068 901; baseline 0.001 -20"><span class='ocrx_word' id='word_1_29' title='bbox 689 816 849 881; x_wconf 87' lang='lat' dir='ltr'>dicit</span> <span class='ocrx_word' id='word_1_30' title='bbox 892 821 983 881; x_wconf 90' lang='lat' dir='ltr'>‘at</span> <span class='ocrx_word' id='word_1_31' title='bbox 1028 816 1201 881; x_wconf 89' lang='lat' dir='ltr'>celer</span> <span class='ocrx_word' id='word_1_32' title='bbox 1244 816 1439 882; x_wconf 87' lang='lat' dir='ltr'>hasta</span> <span class='ocrx_word' id='word_1_33' title='bbox 1469 815 1696 882; x_wconf 85' lang='lat' dir='ltr'>volans</span> <span class='ocrx_word' id='word_1_34' title='bbox 1740 818 2107 901; x_wconf 79' lang='lat' dir='ltr'>perrumpit</span> <span class='ocrx_word' id='word_1_35' title='bbox 2151 821 2422 901; x_wconf 80' lang='lat' dir='ltr'>pectora</span> <span class='ocrx_word' id='word_1_36' title='bbox 2462 817 2674 884; x_wconf 88' lang='lat' dir='ltr'>ferro’.</span> <span class='ocrx_word' id='word_1_37' title='bbox 2743 818 2923 897; x_wconf 83' lang='lat' dir='ltr'>Quae</span> <span class='ocrx_word' id='word_1_38' title='bbox 2963 840 3068 883; x_wconf 91' lang='lat' dir='ltr'>res</span> 
     </span>
     <span class='ocr_line' id='line_1_6' title="bbox 688 920 3070 1005; baseline 0 -19"><span class='ocrx_word' id='word_1_39' title='bbox 688 921 836 987; x_wconf 90' lang='lat' dir='ltr'>miri</span> <span class='ocrx_word' id='word_1_40' title='bbox 864 920 1024 985; x_wconf 90' lang='lat' dir='ltr'>nihil</span> <span class='ocrx_word' id='word_1_41' title='bbox 1054 920 1371 1005; x_wconf 86' lang='lat' dir='ltr'>praebere</span> <span class='ocrx_word' id='word_1_42' title='bbox 1400 920 1676 1001; x_wconf 81' lang='lat' dir='ltr'>videtur,</span> <span class='ocrx_word' id='word_1_43' title='bbox 1713 922 1868 1005; x_wconf 90' lang='lat' dir='ltr'>quia</span> <span class='ocrx_word' id='word_1_44' title='bbox 1897 926 2096 1005; x_wconf 88' lang='lat' dir='ltr'>poeta</span> <span class='ocrx_word' id='word_1_45' title='bbox 2123 920 2232 985; x_wconf 92' lang='lat' dir='ltr'>ille</span> <span class='ocrx_word' id='word_1_46' title='bbox 2264 920 2620 1005; x_wconf 87' lang='lat' dir='ltr'>Odysseam</span> <span class='ocrx_word' id='word_1_47' title='bbox 2655 922 3070 987; x_wconf 82' lang='lat' dir='ltr'>Homericam</span> 
     </span>
     <span class='ocr_line' id='line_1_7' title="bbox 686 1024 3068 1112; baseline 0.002 -24"><span class='ocrx_word' id='word_1_48' title='bbox 686 1025 900 1105; x_wconf 88' lang='lat' dir='ltr'>vertit,</span> <span class='ocrx_word' id='word_1_49' title='bbox 930 1024 1043 1091; x_wconf 93' lang='lat' dir='ltr'>ubi</span> <span class='ocrx_word' id='word_1_50' title='bbox 1074 1044 1201 1089; x_wconf 90' lang='lat' dir='ltr'>non</span> <span class='ocrx_word' id='word_1_51' title='bbox 1230 1044 1382 1095; x_wconf 82' lang='lat' dir='ltr'>raro</span> <span class='ocrx_word' id='word_1_52' title='bbox 1413 1024 1663 1090; x_wconf 88' lang='lat' dir='ltr'>formae</span> <span class='ocrx_word' id='word_1_53' title='bbox 1697 1024 1950 1112; x_wconf 79' lang='grc' dir='ltr'><strong><em>στήθεα</em></strong></span> <span class='ocrx_word' id='word_1_54' title='bbox 1983 1025 2085 1090; x_wconf 87' lang='lat' dir='ltr'>vel</span> <span class='ocrx_word' id='word_1_55' title='bbox 2129 1025 2445 1112; x_wconf 80' lang='grc' dir='ltr'><strong><em>στήθεσσι</em></strong></span> <span class='ocrx_word' id='word_1_56' title='bbox 2473 1045 2592 1109; x_wconf 89' lang='lat' dir='ltr'>pro</span> <span class='ocrx_word' id='word_1_57' title='bbox 2630 1026 3068 1110; x_wconf 82' lang='lat' dir='ltr'>singularibus</span> 
     </span>
     <span class='ocr_line' id='line_1_8' title="bbox 686 1128 3068 1213; baseline 0.001 -19"><span class='ocrx_word' id='word_1_58' title='bbox 686 1128 1188 1213; x_wconf 74' lang='lat' dir='ltr'>congruentibus</span> <span class='ocrx_word' id='word_1_59' title='bbox 1218 1128 1474 1195; x_wconf 82' lang='lat' dir='ltr'>obviam</span> <span class='ocrx_word' id='word_1_60' title='bbox 1510 1128 1693 1194; x_wconf 90' lang='lat' dir='ltr'>fiunt.</span> <span class='ocrx_word' id='word_1_61' title='bbox 1745 1129 1989 1193; x_wconf 84' lang='lat' dir='ltr'>Tamen</span> <span class='ocrx_word' id='word_1_62' title='bbox 2012 1149 2131 1213; x_wconf 90' lang='lat' dir='ltr'>pro</span> <span class='ocrx_word' id='word_1_63' title='bbox 2165 1135 2343 1194; x_wconf 86' lang='lat' dir='ltr'>certo</span> <span class='ocrx_word' id='word_1_64' title='bbox 2373 1128 2549 1212; x_wconf 90' lang='lat' dir='ltr'>apud</span> <span class='ocrx_word' id='word_1_65' title='bbox 2578 1128 2762 1194; x_wconf 89' lang='lat' dir='ltr'>illum</span> <span class='ocrx_word' id='word_1_66' title='bbox 2806 1135 3068 1213; x_wconf 91' lang='lat' dir='ltr'>poetam</span> 
     </span>
     <span class='ocr_line' id='line_1_9' title="bbox 686 1232 3070 1318; baseline 0 -19"><span class='ocrx_word' id='word_1_67' title='bbox 686 1254 793 1299; x_wconf 90' lang='lat' dir='ltr'>res</span> <span class='ocrx_word' id='word_1_68' title='bbox 839 1232 1183 1298; x_wconf 89' lang='lat' dir='ltr'>diiudicari</span> <span class='ocrx_word' id='word_1_69' title='bbox 1227 1253 1355 1297; x_wconf 89' lang='lat' dir='ltr'>non</span> <span class='ocrx_word' id='word_1_70' title='bbox 1396 1237 1633 1317; x_wconf 90' lang='lat' dir='ltr'>potest,</span> <span class='ocrx_word' id='word_1_71' title='bbox 1681 1254 1826 1298; x_wconf 89' lang='lat' dir='ltr'>cum</span> <span class='ocrx_word' id='word_1_72' title='bbox 1855 1254 2082 1299; x_wconf 81' lang='lat' dir='ltr'>versus</span> <span class='ocrx_word' id='word_1_73' title='bbox 2117 1253 2317 1318; x_wconf 90' lang='lat' dir='ltr'>supra</span> <span class='ocrx_word' id='word_1_74' title='bbox 2359 1240 2897 1299; x_wconf 86' lang='lat' dir='ltr'>commemoratus</span> <span class='ocrx_word' id='word_1_75' title='bbox 2941 1256 3070 1300; x_wconf 90' lang='lat' dir='ltr'>non</span> 
     </span>
     <span class='ocr_line' id='line_1_10' title="bbox 685 1335 3070 1422; baseline 0 -20"><span class='ocrx_word' id='word_1_76' title='bbox 685 1339 753 1403; x_wconf 92' lang='lat' dir='ltr'>in</span> <span class='ocrx_word' id='word_1_77' title='bbox 810 1358 889 1402; x_wconf 89' lang='lat' dir='ltr'>ea</span> <span class='ocrx_word' id='word_1_78' title='bbox 948 1335 1161 1402; x_wconf 84' lang='lat' dir='ltr'>forma</span> <span class='ocrx_word' id='word_1_79' title='bbox 1219 1342 1515 1403; x_wconf 87' lang='lat' dir='ltr'>servatus</span> <span class='ocrx_word' id='word_1_80' title='bbox 1572 1337 1679 1415; x_wconf 90' lang='lat' dir='ltr'>sit,</span> <span class='ocrx_word' id='word_1_81' title='bbox 1739 1359 1870 1422; x_wconf 90' lang='lat' dir='ltr'>qua</span> <span class='ocrx_word' id='word_1_82' title='bbox 1915 1337 2226 1402; x_wconf 90' lang='lat' dir='ltr'>utebatur</span> <span class='ocrx_word' id='word_1_83' title='bbox 2270 1336 2485 1401; x_wconf 83' lang='lat' dir='ltr'>Livius</span> <span class='ocrx_word' id='word_1_84' title='bbox 2527 1374 2614 1385; x_wconf 93' lang='lat'>-—</span> <span class='ocrx_word' id='word_1_85' title='bbox 2655 1338 2980 1403; x_wconf 85' lang='lat' dir='ltr'>nimirum</span> <span class='ocrx_word' id='word_1_86' title='bbox 3003 1339 3070 1403; x_wconf 92' lang='lat' dir='ltr'>in</span> 
     </span>
     <span class='ocr_line' id='line_1_11' title="bbox 685 1441 3069 1507; baseline 0 -1"><span class='ocrx_word' id='word_1_87' title='bbox 685 1462 879 1507; x_wconf 81' lang='lat' dir='ltr'>versu</span> <span class='ocrx_word' id='word_1_88' title='bbox 925 1441 1235 1506; x_wconf 87' lang='lat' dir='ltr'>saturni0.</span> <span class='ocrx_word' id='word_1_89' title='bbox 1325 1441 1641 1506; x_wconf 81' lang='lat' dir='ltr'>Permulti</span> <span class='ocrx_word' id='word_1_90' title='bbox 1686 1441 1808 1506; x_wconf 86' lang='lat' dir='ltr'>viri</span> <span class='ocrx_word' id='word_1_91' title='bbox 1833 1441 2031 1507; x_wconf 90' lang='lat' dir='ltr'>&#39;docti</span> <span class='ocrx_word' id='word_1_92' title='bbox 2088 1443 2156 1507; x_wconf 90' lang='lat' dir='ltr'>in</span> <span class='ocrx_word' id='word_1_93' title='bbox 2205 1441 2319 1506; x_wconf 93' lang='lat' dir='ltr'>illo</span> <span class='ocrx_word' id='word_1_94' title='bbox 2362 1461 2555 1506; x_wconf 85' lang='lat' dir='ltr'>versu</span> <span class='ocrx_word' id='word_1_95' title='bbox 2615 1446 2796 1506; x_wconf 91' lang='lat' dir='ltr'>recte</span> <span class='ocrx_word' id='word_1_96' title='bbox 2857 1462 3069 1507; x_wconf 88' lang='lat' dir='ltr'>emen-</span> 
     </span>
     <span class='ocr_line' id='line_1_12' title="bbox 689 1545 3071 1630; baseline 0 -19"><span class='ocrx_word' id='word_1_97' title='bbox 689 1545 905 1611; x_wconf 89' lang='lat' dir='ltr'>dando</span> <span class='ocrx_word' id='word_1_98' title='bbox 951 1549 1147 1629; x_wconf 90' lang='lat' dir='ltr'>atque</span> <span class='ocrx_word' id='word_1_99' title='bbox 1192 1550 1399 1610; x_wconf 89' lang='lat' dir='ltr'>metro</span> <span class='ocrx_word' id='word_1_100' title='bbox 1448 1547 1741 1611; x_wconf 90' lang='lat' dir='ltr'>saturnio</span> <span class='ocrx_word' id='word_1_101' title='bbox 1801 1545 2175 1630; x_wconf 89' lang='lat' dir='ltr'>adaptando</span> <span class='ocrx_word' id='word_1_102' title='bbox 2221 1565 2486 1629; x_wconf 86' lang='lat' dir='ltr'>operam</span> <span class='ocrx_word' id='word_1_103' title='bbox 2530 1553 3071 1630; x_wconf 82' lang='lat' dir='ltr'>consumpserunt</span> 
     </span>
     <span class='ocr_line' id='line_1_13' title="bbox 689 1648 3069 1735; baseline 0.001 -22"><span class='ocrx_word' id='word_1_104' title='bbox 689 1650 1059 1728; x_wconf 83' lang='lat' dir='ltr'>maximam,</span> <span class='ocrx_word' id='word_1_105' title='bbox 1122 1648 1255 1731; x_wconf 88' lang='lat' dir='ltr'>sed,</span> <span class='ocrx_word' id='word_1_106' title='bbox 1311 1654 1386 1714; x_wconf 92' lang='lat' dir='ltr'>ut</span> <span class='ocrx_word' id='word_1_107' title='bbox 1440 1649 1599 1714; x_wconf 90' lang='lat' dir='ltr'>mihi</span> <span class='ocrx_word' id='word_1_108' title='bbox 1656 1649 1933 1730; x_wconf 84' lang='lat' dir='ltr'>videtur,</span> <span class='ocrx_word' id='word_1_109' title='bbox 1995 1670 2125 1714; x_wconf 93' lang='lat' dir='ltr'>non</span> <span class='ocrx_word' id='word_1_110' title='bbox 2168 1670 2243 1715; x_wconf 91' lang='lat' dir='ltr'>eo</span> <span class='ocrx_word' id='word_1_111' title='bbox 2293 1654 2546 1728; x_wconf 88' lang='lat' dir='ltr'>eventu,</span> <span class='ocrx_word' id='word_1_112' title='bbox 2607 1650 2720 1733; x_wconf 88' lang='lat' dir='ltr'>qui</span> <span class='ocrx_word' id='word_1_113' title='bbox 2763 1648 2845 1714; x_wconf 89' lang='lat' dir='ltr'>ad</span> <span class='ocrx_word' id='word_1_114' title='bbox 2891 1672 3069 1735; x_wconf 89' lang='lat' dir='ltr'>spem</span> 
     </span>
     <span class='ocr_line' id='line_1_14' title="bbox 688 1752 3068 1837; baseline 0 -18"><span class='ocrx_word' id='word_1_115' title='bbox 688 1757 981 1819; x_wconf 88' lang='lat' dir='ltr'>nostram</span> <span class='ocrx_word' id='word_1_116' title='bbox 1026 1752 1485 1837; x_wconf 82' lang='lat' dir='ltr'>responderet3</span> <span class='ocrx_word' id='word_1_117' title='bbox 1546 1754 1744 1819; x_wconf 89' lang='lat' dir='ltr'>immo</span> <span class='ocrx_word' id='word_1_118' title='bbox 1791 1774 1944 1819; x_wconf 87' lang='lat' dir='ltr'>vero</span> <span class='ocrx_word' id='word_1_119' title='bbox 1989 1754 2114 1818; x_wconf 92' lang='lat' dir='ltr'>hoc</span> <span class='ocrx_word' id='word_1_120' title='bbox 2165 1754 2460 1818; x_wconf 83' lang='lat' dir='ltr'>conicere</span> <span class='ocrx_word' id='word_1_121' title='bbox 2503 1773 2883 1836; x_wconf 86' lang='lat' dir='ltr'>possumus:</span> <span class='ocrx_word' id='word_1_122' title='bbox 2939 1756 3068 1819; x_wconf 89' lang='lat' dir='ltr'>iam</span> 
     </span>
     <span class='ocr_line' id='line_1_15' title="bbox 689 1855 3070 1941; baseline 0.001 -20"><span class='ocrx_word' id='word_1_123' title='bbox 689 1855 873 1922; x_wconf 89' lang='lat' dir='ltr'>iUum</span> <span class='ocrx_word' id='word_1_124' title='bbox 915 1862 1176 1941; x_wconf 88' lang='lat' dir='ltr'>poetam</span> <span class='ocrx_word' id='word_1_125' title='bbox 1220 1858 1481 1941; x_wconf 88' lang='lat' dir='ltr'>poetica</span> <span class='ocrx_word' id='word_1_126' title='bbox 1528 1878 1672 1922; x_wconf 89' lang='lat' dir='ltr'>cum</span> <span class='ocrx_word' id='word_1_127' title='bbox 1717 1858 1983 1923; x_wconf 91' lang='lat' dir='ltr'>licentia</span> <span class='ocrx_word' id='word_1_128' title='bbox 2036 1857 2160 1922; x_wconf 93' lang='lat' dir='ltr'>hoc</span> <span class='ocrx_word' id='word_1_129' title='bbox 2203 1856 2519 1922; x_wconf 85' lang='lat' dir='ltr'>vocabulo</span> <span class='ocrx_word' id='word_1_130' title='bbox 2565 1878 2753 1922; x_wconf 88' lang='lat' dir='ltr'>usum</span> <span class='ocrx_word' id='word_1_131' title='bbox 2801 1878 2944 1923; x_wconf 92' lang='lat' dir='ltr'>esse</span> <span class='ocrx_word' id='word_1_132' title='bbox 2989 1897 3070 1907; x_wconf 86' lang='lat'>--</span> 
     </span>
     <span class='ocr_line' id='line_1_16' title="bbox 691 1960 3071 2045; baseline 0.001 -20"><span class='ocrx_word' id='word_1_133' title='bbox 691 1980 1165 2044; x_wconf 85' lang='lat' dir='ltr'>quamcumque</span> <span class='ocrx_word' id='word_1_134' title='bbox 1226 1960 1740 2033; x_wconf 81' lang='lat' dir='ltr'>emendationem</span> <span class='ocrx_word' id='word_1_135' title='bbox 1799 1962 1920 2026; x_wconf 85' lang='lat' dir='ltr'>viri</span> <span class='ocrx_word' id='word_1_136' title='bbox 1980 1960 2158 2026; x_wconf 91' lang='lat' dir='ltr'>docti</span> <span class='ocrx_word' id='word_1_137' title='bbox 2216 1960 2649 2045; x_wconf 88' lang='lat' dir='ltr'>protulerunt,</span> <span class='ocrx_word' id='word_1_138' title='bbox 2705 1982 2895 2026; x_wconf 89' lang='lat' dir='ltr'>nemo</span> <span class='ocrx_word' id='word_1_139' title='bbox 2948 1961 3071 2027; x_wconf 93' lang='lat' dir='ltr'>hoc</span> 
     </span>
     <span class='ocr_line' id='line_1_17' title="bbox 690 2064 3070 2150; baseline 0.001 -21"><span class='ocrx_word' id='word_1_140' title='bbox 690 2083 922 2129; x_wconf 88' lang='lat' dir='ltr'>nomen</span> <span class='ocrx_word' id='word_1_141' title='bbox 984 2084 1019 2128; x_wconf 92' lang='lat' dir='ltr'>e</span> <span class='ocrx_word' id='word_1_142' title='bbox 1066 2084 1261 2129; x_wconf 84' lang='lat' dir='ltr'>versu</span> <span class='ocrx_word' id='word_1_143' title='bbox 1319 2066 1526 2130; x_wconf 87' lang='lat' dir='ltr'>eiecit.</span> <span class='ocrx_word' id='word_1_144' title='bbox 1617 2066 1958 2130; x_wconf 88' lang='lat' dir='ltr'>Lucretius</span> <span class='ocrx_word' id='word_1_145' title='bbox 2025 2064 2346 2149; x_wconf 86' lang='lat' dir='ltr'>pluralem</span> <span class='ocrx_word' id='word_1_146' title='bbox 2419 2086 2548 2129; x_wconf 92' lang='lat' dir='ltr'>non</span> <span class='ocrx_word' id='word_1_147' title='bbox 2614 2066 2763 2130; x_wconf 82' lang='lat' dir='ltr'>nisi.</span> <span class='ocrx_word' id='word_1_148' title='bbox 2804 2067 3070 2150; x_wconf 88' lang='lat' dir='ltr'>proprio</span> 
     </span>
     <span class='ocr_line' id='line_1_18' title="bbox 692 2167 3070 2253; baseline 0.001 -20"><span class='ocrx_word' id='word_1_149' title='bbox 692 2189 885 2233; x_wconf 91' lang='lat' dir='ltr'>sensu</span> <span class='ocrx_word' id='word_1_150' title='bbox 928 2168 1199 2252; x_wconf 87' lang='lat' dir='ltr'>profert,</span> <span class='ocrx_word' id='word_1_151' title='bbox 1241 2167 1419 2234; x_wconf 80' lang='lat' dir='ltr'>velut</span> <span class='ocrx_word' id='word_1_152' title='bbox 1463 2169 1557 2233; x_wconf 82' lang='grc' dir='ltr'>ΙΙΙ</span> <span class='ocrx_word' id='word_1_153' title='bbox 1602 2174 1763 2250; x_wconf 84' lang='grc'><strong>297;</strong></span> <span class='ocrx_word' id='word_1_154' title='bbox 1808 2170 2052 2253; x_wconf 90' lang='lat' dir='ltr'>quodsi·</span> <span class='ocrx_word' id='word_1_155' title='bbox 2085 2169 2312 2234; x_wconf 89' lang='lat' dir='ltr'>eodem</span> <span class='ocrx_word' id='word_1_156' title='bbox 2357 2190 2550 2235; x_wconf 90' lang='lat' dir='ltr'>sensu</span> <span class='ocrx_word' id='word_1_157' title='bbox 2589 2167 2842 2235; x_wconf 89' lang='lat' dir='ltr'>duobus</span> <span class='ocrx_word' id='word_1_158' title='bbox 2872 2171 3070 2235; x_wconf 85' lang='lat' dir='ltr'>versi-</span> 
     </span>
     <span class='ocr_line' id='line_1_19' title="bbox 691 2271 3071 2358; baseline 0 -21"><span class='ocrx_word' id='word_1_159' title='bbox 691 2272 813 2338; x_wconf 91' lang='lat' dir='ltr'>bus</span> <span class='ocrx_word' id='word_1_160' title='bbox 869 2271 1045 2337; x_wconf 87' lang='lat' dir='ltr'>infra</span> <span class='ocrx_word' id='word_1_161' title='bbox 1098 2271 1422 2337; x_wconf 84' lang='lat' dir='ltr'>ablativus</span> <span class='ocrx_word' id='word_1_162' title='bbox 1484 2273 1834 2356; x_wconf 87' lang='lat' dir='ltr'>singularis</span> <span class='ocrx_word' id='word_1_163' title='bbox 1897 2273 2005 2358; x_wconf 91' lang='lat' dir='ltr'>(de</span> <span class='ocrx_word' id='word_1_164' title='bbox 2052 2272 2520 2357; x_wconf 87' lang='lat' dir='ltr'>compluribus)</span> <span class='ocrx_word' id='word_1_165' title='bbox 2581 2271 2934 2339; x_wconf 88' lang='lat' dir='ltr'>adhibetur</span> <span class='ocrx_word' id='word_1_166' title='bbox 2989 2312 3071 2323; x_wconf 91' lang='lat'>—</span> 
     </span>
     <span class='ocr_line' id='line_1_20' title="bbox 692 2375 3071 2461; baseline 0.002 -22"><span class='ocrx_word' id='word_1_167' title='bbox 692 2375 995 2441; x_wconf 84' lang='lat' dir='ltr'>videlicet</span> <span class='ocrx_word' id='word_1_168' title='bbox 1035 2376 1075 2440; x_wconf 92' lang='lat' dir='ltr'>i.</span> <span class='ocrx_word' id='word_1_169' title='bbox 1098 2376 1172 2442; x_wconf 90' lang='lat' dir='ltr'>V.</span> <span class='ocrx_word' id='word_1_170' title='bbox 1195 2397 1256 2459; x_wconf 90' lang='lat' dir='ltr'>p.</span> <span class='ocrx_word' id='word_1_171' title='bbox 1304 2414 1387 2424; x_wconf 92' lang='lat'>-—</span> <span class='ocrx_word' id='word_1_172' title='bbox 1431 2397 1550 2442; x_wconf 91' lang='lat' dir='ltr'>nos</span> <span class='ocrx_word' id='word_1_173' title='bbox 1596 2377 1856 2443; x_wconf 90' lang='lat' dir='ltr'>minime</span> <span class='ocrx_word' id='word_1_174' title='bbox 1900 2376 2186 2455; x_wconf 87' lang='lat' dir='ltr'>offendit,</span> <span class='ocrx_word' id='word_1_175' title='bbox 2235 2398 2380 2441; x_wconf 88' lang='lat' dir='ltr'>cum</span> <span class='ocrx_word' id='word_1_176' title='bbox 2423 2375 2672 2441; x_wconf 81' lang='lat' dir='ltr'>formae</span> <span class='ocrx_word' id='word_1_177' title='bbox 2709 2377 3071 2461; x_wconf 86' lang='lat' dir='ltr'>plurativae</span> 
     </span>
     <span class='ocr_line' id='line_1_21' title="bbox 692 2480 3071 2565; baseline 0.001 -22"><span class='ocrx_word' id='word_1_178' title='bbox 692 2516 779 2529; x_wconf 91' lang='lat'>—-</span> <span class='ocrx_word' id='word_1_179' title='bbox 830 2480 1201 2544; x_wconf 84' lang='lat' dir='ltr'>accusativo</span> <span class='ocrx_word' id='word_1_180' title='bbox 1251 2485 1315 2544; x_wconf 92' lang='lat' dir='ltr'>et</span> <span class='ocrx_word' id='word_1_181' title='bbox 1358 2480 1754 2545; x_wconf 86' lang='lat' dir='ltr'>nominativo</span> <span class='ocrx_word' id='word_1_182' title='bbox 1800 2480 1964 2564; x_wconf 88' lang='lat' dir='ltr'>plur.</span> <span class='ocrx_word' id='word_1_183' title='bbox 2011 2486 2283 2564; x_wconf 85' lang='lat' dir='ltr'>excepto</span> <span class='ocrx_word' id='word_1_184' title='bbox 2329 2518 2415 2529; x_wconf 92' lang='lat'>--</span> <span class='ocrx_word' id='word_1_185' title='bbox 2461 2481 2652 2545; x_wconf 89' lang='lat' dir='ltr'>etiam</span> <span class='ocrx_word' id='word_1_186' title='bbox 2703 2500 2744 2545; x_wconf 98' lang='lat' dir='ltr'>a</span> <span class='ocrx_word' id='word_1_187' title='bbox 2801 2483 3071 2565; x_wconf 90' lang='lat' dir='ltr'>scripto-</span> 
     </span>
     <span class='ocr_line' id='line_1_22' title="bbox 693 2582 3073 2668; baseline 0 -20"><span class='ocrx_word' id='word_1_188' title='bbox 693 2582 876 2649; x_wconf 89' lang='lat' dir='ltr'>ribus</span> <span class='ocrx_word' id='word_1_189' title='bbox 934 2584 1353 2648; x_wconf 83' lang='lat' dir='ltr'>evitarentur.</span> <span class='ocrx_word' id='word_1_190' title='bbox 1442 2584 1689 2649; x_wconf 89' lang='lat' dir='ltr'>Eodem</span> <span class='ocrx_word' id='word_1_191' title='bbox 1750 2584 1941 2649; x_wconf 89' lang='lat' dir='ltr'>modo</span> <span class='ocrx_word' id='word_1_192' title='bbox 1986 2582 2279 2649; x_wconf 85' lang='lat' dir='ltr'>Catullus</span> <span class='ocrx_word' id='word_1_193' title='bbox 2338 2583 2579 2668; x_wconf 90' lang='lat' dir='ltr'>plurali</span> <span class='ocrx_word' id='word_1_194' title='bbox 2639 2590 2704 2649; x_wconf 92' lang='lat' dir='ltr'>et</span> <span class='ocrx_word' id='word_1_195' title='bbox 2760 2584 3073 2667; x_wconf 83' lang='lat' dir='ltr'>singulari</span> 
     </span>
     <span class='ocr_line' id='line_1_23' title="bbox 692 2686 3070 2772; baseline 0 -20"><span class='ocrx_word' id='word_1_196' title='bbox 692 2687 1060 2772; x_wconf 85' lang='lat' dir='ltr'>promiscue</span> <span class='ocrx_word' id='word_1_197' title='bbox 1112 2687 1337 2764; x_wconf 82' lang='lat' dir='ltr'>utitur.</span> <span class='ocrx_word' id='word_1_198' title='bbox 1426 2687 1602 2752; x_wconf 91' lang='lat' dir='ltr'>Plur.</span> <span class='ocrx_word' id='word_1_199' title='bbox 1649 2692 1832 2753; x_wconf 86' lang='lat' dir='ltr'>extat</span> <span class='ocrx_word' id='word_1_200' title='bbox 1877 2692 1976 2769; x_wconf 88' lang='lat'>64,</span> <span class='ocrx_word' id='word_1_201' title='bbox 2024 2692 2143 2753; x_wconf 84' lang='lat'>351</span> <span class='ocrx_word' id='word_1_202' title='bbox 2193 2689 2234 2752; x_wconf 92' lang='lat' dir='ltr'>i.</span> <span class='ocrx_word' id='word_1_203' title='bbox 2281 2688 2352 2752; x_wconf 88' lang='lat' dir='ltr'>V.</span> <span class='ocrx_word' id='word_1_204' title='bbox 2402 2710 2485 2772; x_wconf 92' lang='lat' dir='ltr'>p.‚</span> <span class='ocrx_word' id='word_1_205' title='bbox 2545 2686 2661 2752; x_wconf 92' lang='lat' dir='ltr'>sed</span> <span class='ocrx_word' id='word_1_206' title='bbox 2720 2687 2884 2770; x_wconf 86' lang='lat' dir='ltr'>sing.</span> <span class='ocrx_word' id='word_1_207' title='bbox 2929 2693 3070 2767; x_wconf 82' lang='lat'>383,</span> 
     </span>
     <span class='ocr_line' id='line_1_24' title="bbox 693 2789 3070 2875; baseline 0.001 -20"><span class='ocrx_word' id='word_1_208' title='bbox 693 2790 808 2855; x_wconf 94' lang='lat' dir='ltr'>ubi</span> <span class='ocrx_word' id='word_1_209' title='bbox 835 2789 1155 2875; x_wconf 88' lang='lat' dir='ltr'>pluralem</span> <span class='ocrx_word' id='word_1_210' title='bbox 1188 2796 1662 2874; x_wconf 86' lang='lat' dir='ltr'>exspectamus,</span> <span class='ocrx_word' id='word_1_211' title='bbox 1710 2795 1776 2855; x_wconf 91' lang='lat' dir='ltr'>et</span> <span class='ocrx_word' id='word_1_212' title='bbox 1827 2796 1944 2857; x_wconf 87' lang='lat'>194</span> <span class='ocrx_word' id='word_1_213' title='bbox 1990 2812 2132 2874; x_wconf 87' lang='lat' dir='ltr'>gen.</span> <span class='ocrx_word' id='word_1_214' title='bbox 2165 2792 2324 2874; x_wconf 88' lang='lat' dir='ltr'>sing.</span> <span class='ocrx_word' id='word_1_215' title='bbox 2355 2796 2509 2865; x_wconf 82' lang='lat' dir='ltr'>ante</span> <span class='ocrx_word' id='word_1_216' title='bbox 2547 2811 2684 2855; x_wconf 82' lang='lat' dir='ltr'>voc.</span> <span class='ocrx_word' id='word_1_217' title='bbox 2729 2789 3070 2857; x_wconf 86' lang='lat' dir='ltr'>de‘Eume-</span> 
     </span>
     <span class='ocr_line' id='line_1_25' title="bbox 694 2893 3070 2979; baseline 0 -20"><span class='ocrx_word' id='word_1_218' title='bbox 694 2894 973 2959; x_wconf 82' lang='lat' dir='ltr'>nidibus.</span> <span class='ocrx_word' id='word_1_219' title='bbox 1046 2893 1432 2959; x_wconf 91' lang='lat' dir='ltr'>Tibullus</span> <span class='ocrx_word' id='word_1_220' title='bbox 1479 2916 1630 2979; x_wconf 92' lang='lat' dir='ltr'>pps</span> <span class='ocrx_word' id='word_1_221' title='bbox 1673 2895 1874 2959; x_wconf 89' lang='lat' dir='ltr'>semel</span> <span class='ocrx_word' id='word_1_222' title='bbox 1901 2894 2026 2959; x_wconf 91' lang='lat' dir='ltr'>sibi</span> <span class='ocrx_word' id='word_1_223' title='bbox 2065 2895 2363 2977; x_wconf 88' lang='lat' dir='ltr'>permisit</span> <span class='ocrx_word' id='word_1_224' title='bbox 2408 2894 2521 2973; x_wconf 89' lang='lat'>17,</span> <span class='ocrx_word' id='word_1_225' title='bbox 2547 2899 2631 2959; x_wconf 91' lang='grc'>40</span> <span class='ocrx_word' id='word_1_226' title='bbox 2671 2894 2987 2959; x_wconf 82' lang='lat' dir='ltr'>‘Bacchus</span> <span class='ocrx_word' id='word_1_227' title='bbox 3019 2944 3070 2959; x_wconf 94' lang='lat'>..</span> 
     </span>
     <span class='ocr_line' id='line_1_26' title="bbox 696 2996 3070 3082; baseline -0 -20"><span class='ocrx_word' id='word_1_228' title='bbox 696 2998 993 3063; x_wconf 83' lang='lat' dir='ltr'>confecta</span> <span class='ocrx_word' id='word_1_229' title='bbox 1051 2997 1276 3063; x_wconf 88' lang='lat' dir='ltr'>labore</span> <span class='ocrx_word' id='word_1_230' title='bbox 1323 3003 1593 3082; x_wconf 89' lang='lat' dir='ltr'>pectora</span> <span class='ocrx_word' id='word_1_231' title='bbox 1637 2999 1948 3064; x_wconf 90' lang='lat' dir='ltr'>tristitiae</span> <span class='ocrx_word' id='word_1_232' title='bbox 1994 2997 2403 3063; x_wconf 85' lang='lat' dir='ltr'>dissolvenda</span> <span class='ocrx_word' id='word_1_233' title='bbox 2448 2996 2665 3075; x_wconf 84' lang='lat' dir='ltr'>dedit’.</span> <span class='ocrx_word' id='word_1_234' title='bbox 2741 2996 2869 3063; x_wconf 86' lang='lat' dir='ltr'>Sed</span> <span class='ocrx_word' id='word_1_235' title='bbox 2915 2999 3070 3081; x_wconf 89' lang='lat' dir='ltr'>sing.</span> 
     </span>
     <span class='ocr_line' id='line_1_27' title="bbox 695 3100 3070 3191; baseline -0.001 -23"><span class='ocrx_word' id='word_1_236' title='bbox 695 3120 867 3168; x_wconf 88' lang='lat' dir='ltr'>nom.</span> <span class='ocrx_word' id='word_1_237' title='bbox 926 3103 957 3166; x_wconf 95' lang='lat' dir='ltr'>I</span> <span class='ocrx_word' id='word_1_238' title='bbox 1020 3106 1077 3181; x_wconf 86' lang='grc'>6,</span> <span class='ocrx_word' id='word_1_239' title='bbox 1139 3108 1216 3167; x_wconf 89' lang='grc'>18</span> <span class='ocrx_word' id='word_1_240' title='bbox 1277 3108 1342 3167; x_wconf 92' lang='lat' dir='ltr'>et</span> <span class='ocrx_word' id='word_1_241' title='bbox 1399 3108 1501 3168; x_wconf 88' lang='lat'>49.</span> <span class='ocrx_word' id='word_1_242' title='bbox 1568 3102 1712 3167; x_wconf 93' lang='lat' dir='ltr'>Abl.</span> <span class='ocrx_word' id='word_1_243' title='bbox 1773 3104 1932 3184; x_wconf 88' lang='lat' dir='ltr'>sing.</span> <span class='ocrx_word' id='word_1_244' title='bbox 1978 3103 2011 3166; x_wconf 95' lang='lat' dir='ltr'>I</span> <span class='ocrx_word' id='word_1_245' title='bbox 2062 3108 2122 3180; x_wconf 89' lang='lat'>4,</span> <span class='ocrx_word' id='word_1_246' title='bbox 2172 3105 2268 3166; x_wconf 84' lang='lat'>12.</span> <span class='ocrx_word' id='word_1_247' title='bbox 2339 3100 2540 3185; x_wconf 84' lang='lat' dir='ltr'>Lygd.</span> <span class='ocrx_word' id='word_1_248' title='bbox 2589 3102 2619 3165; x_wconf 93' lang='lat' dir='ltr'>I</span> <span class='ocrx_word' id='word_1_249' title='bbox 2665 3106 2764 3167; x_wconf 87' lang='lat'>20.</span> <span class='ocrx_word' id='word_1_250' title='bbox 2828 3102 2926 3191; x_wconf 24' lang='lat' dir='ltr'>&#39;IV</span> <span class='ocrx_word' id='word_1_251' title='bbox 2973 3108 3070 3168; x_wconf 85' lang='lat'>84.</span> 
     </span>
     <span class='ocr_line' id='line_1_28' title="bbox 698 3204 2919 3295; baseline -0.002 -23"><span class='ocrx_word' id='word_1_252' title='bbox 698 3206 759 3273; x_wconf 87' lang='lat' dir='ltr'>S.</span> <span class='ocrx_word' id='word_1_253' title='bbox 813 3211 911 3285; x_wconf 88' lang='lat'>17,</span> <span class='ocrx_word' id='word_1_254' title='bbox 962 3211 1018 3269; x_wconf 88' lang='lat'>6.</span> <span class='ocrx_word' id='word_1_255' title='bbox 1105 3204 1613 3289; x_wconf 90' lang='lat' dir='ltr'>Propertius</span> <span class='ocrx_word' id='word_1_256' title='bbox 1672 3205 1772 3271; x_wconf 90' lang='lat' dir='ltr'>bis</span> <span class='ocrx_word' id='word_1_257' title='bbox 1838 3228 1990 3290; x_wconf 88' lang='lat' dir='ltr'>pps</span> <span class='ocrx_word' id='word_1_258' title='bbox 2049 3204 2313 3270; x_wconf 86' lang='lat' dir='ltr'>exhibet</span> <span class='ocrx_word' id='word_1_259' title='bbox 2371 3204 2435 3268; x_wconf 93' lang='lat' dir='ltr'>II</span> <span class='ocrx_word' id='word_1_260' title='bbox 2493 3208 2594 3282; x_wconf 89' lang='lat'>24,</span> <span class='ocrx_word' id='word_1_261' title='bbox 2656 3209 2736 3269; x_wconf 89' lang='lat'>52</span> <span class='ocrx_word' id='word_1_262' title='bbox 2797 3213 2919 3295; x_wconf 79' lang='lat' dir='ltr'>‘me</span> 
     </span>
     <span class='ocr_line' id='line_1_29' title="bbox 695 3307 3072 3395; baseline 0 -22"><span class='ocrx_word' id='word_1_263' title='bbox 695 3310 970 3395; x_wconf 87' lang='lat' dir='ltr'>plangas</span> <span class='ocrx_word' id='word_1_264' title='bbox 1015 3314 1285 3392; x_wconf 86' lang='lat' dir='ltr'>pectora</span> <span class='ocrx_word' id='word_1_265' title='bbox 1326 3308 1501 3373; x_wconf 89' lang='lat' dir='ltr'>nuda</span> <span class='ocrx_word' id='word_1_266' title='bbox 1548 3310 1787 3389; x_wconf 88' lang='lat' dir='ltr'>comis’,</span> <span class='ocrx_word' id='word_1_267' title='bbox 1842 3314 1907 3373; x_wconf 93' lang='lat' dir='ltr'>et</span> <span class='ocrx_word' id='word_1_268' title='bbox 1951 3308 2045 3373; x_wconf 93' lang='lat' dir='ltr'>III</span> <span class='ocrx_word' id='word_1_269' title='bbox 2090 3314 2148 3388; x_wconf 84' lang='lat'>8,</span> <span class='ocrx_word' id='word_1_270' title='bbox 2194 3316 2232 3375; x_wconf 88' lang='grc'>8</span> <span class='ocrx_word' id='word_1_271' title='bbox 2281 3307 2404 3372; x_wconf 81' lang='lat' dir='ltr'>‘fac</span> <span class='ocrx_word' id='word_1_272' title='bbox 2450 3328 2593 3372; x_wconf 91' lang='lat' dir='ltr'>meo</span> <span class='ocrx_word' id='word_1_273' title='bbox 2639 3310 2883 3373; x_wconf 85' lang='lat' dir='ltr'>recisse</span> <span class='ocrx_word' id='word_1_274' title='bbox 2925 3331 3072 3394; x_wconf 93' lang='lat' dir='ltr'>pec-</span> 
     </span>
     <span class='ocr_line' id='line_1_30' title="bbox 694 3411 3072 3496; baseline -0 -18"><span class='ocrx_word' id='word_1_275' title='bbox 694 3418 845 3478; x_wconf 90' lang='lat' dir='ltr'>tora</span> <span class='ocrx_word' id='word_1_276' title='bbox 900 3411 1078 3476; x_wconf 90' lang='lat' dir='ltr'>nuda</span> <span class='ocrx_word' id='word_1_277' title='bbox 1139 3412 1319 3476; x_wconf 90' lang='lat' dir='ltr'>sinu&#39;.</span> <span class='ocrx_word' id='word_1_278' title='bbox 1409 3412 1838 3495; x_wconf 89' lang='lat' dir='ltr'>Vergilius</span> <span class='ocrx_word' id='word_1_279' title='bbox 1897 3433 2052 3495; x_wconf 89' lang='lat' dir='ltr'>pps</span> <span class='ocrx_word' id='word_1_280' title='bbox 2112 3414 2224 3477; x_wconf 91' lang='lat' dir='ltr'>Ae.</span> <span class='ocrx_word' id='word_1_281' title='bbox 2269 3412 2302 3476; x_wconf 99' lang='lat' dir='ltr'>I</span> <span class='ocrx_word' id='word_1_282' title='bbox 2346 3416 2467 3485; x_wconf 78' lang='lat'>355</span> <span class='ocrx_word' id='word_1_283' title='bbox 2527 3412 2857 3496; x_wconf 87' lang='lat' dir='ltr'>Sychaeus</span> <span class='ocrx_word' id='word_1_284' title='bbox 2914 3418 3072 3477; x_wconf 83' lang='lat' dir='ltr'>‘tra-</span> 
     </span>
     <span class='ocr_line' id='line_1_31' title="bbox 696 3514 3073 3599; baseline -0.001 -17"><span class='ocrx_word' id='word_1_285' title='bbox 696 3518 998 3599; x_wconf 90' lang='lat' dir='ltr'>iectaque</span> <span class='ocrx_word' id='word_1_286' title='bbox 1041 3519 1314 3599; x_wconf 81' lang='lat' dir='ltr'>pectora</span> <span class='ocrx_word' id='word_1_287' title='bbox 1354 3515 1529 3580; x_wconf 86' lang='lat' dir='ltr'>ferro</span> <span class='ocrx_word' id='word_1_288' title='bbox 1574 3515 1908 3581; x_wconf 85' lang='lat' dir='ltr'>Nudavit’.</span> <span class='ocrx_word' id='word_1_289' title='bbox 1975 3516 2066 3582; x_wconf 90' lang='lat' dir='ltr'>IV</span> <span class='ocrx_word' id='word_1_290' title='bbox 2113 3520 2234 3581; x_wconf 83' lang='lat'>673</span> <span class='ocrx_word' id='word_1_291' title='bbox 2283 3523 2420 3582; x_wconf 90' lang='lat' dir='ltr'>‘ora</span> <span class='ocrx_word' id='word_1_292' title='bbox 2463 3537 2650 3581; x_wconf 90' lang='lat' dir='ltr'>soror</span> <span class='ocrx_word' id='word_1_293' title='bbox 2693 3514 2964 3599; x_wconf 73' lang='lat' dir='ltr'>foedans</span> <span class='ocrx_word' id='word_1_294' title='bbox 3010 3522 3073 3580; x_wconf 90' lang='lat' dir='ltr'>et</span> 
     </span>
     <span class='ocr_line' id='line_1_32' title="bbox 697 3618 3074 3705; baseline 0.001 -22"><span class='ocrx_word' id='word_1_295' title='bbox 697 3625 969 3705; x_wconf 87' lang='lat' dir='ltr'>pectora</span> <span class='ocrx_word' id='word_1_296' title='bbox 1029 3618 1301 3702; x_wconf 84' lang='lat' dir='ltr'>pugnis&#39;.</span> <span class='ocrx_word' id='word_1_297' title='bbox 1390 3619 1447 3683; x_wconf 89' lang='lat' dir='ltr'>V</span> <span class='ocrx_word' id='word_1_298' title='bbox 1493 3624 1617 3686; x_wconf 83' lang='lat'>816</span> <span class='ocrx_word' id='word_1_299' title='bbox 1682 3618 1860 3684; x_wconf 87' lang='lat' dir='ltr'>‘deae</span> <span class='ocrx_word' id='word_1_300' title='bbox 1916 3619 2260 3703; x_wconf 88' lang='lat' dir='ltr'>permulsit</span> <span class='ocrx_word' id='word_1_301' title='bbox 2304 3626 2578 3703; x_wconf 90' lang='lat' dir='ltr'>pectora</span> <span class='ocrx_word' id='word_1_302' title='bbox 2636 3619 2866 3683; x_wconf 90' lang='lat' dir='ltr'>dictis&#39;.</span> <span class='ocrx_word' id='word_1_303' title='bbox 2958 3619 3074 3685; x_wconf 88' lang='lat' dir='ltr'>VH</span> 
     </span>
     <span class='ocr_line' id='line_1_33' title="bbox 700 3722 2933 3807; baseline -0.002 -17"><span class='ocrx_word' id='word_1_304' title='bbox 700 3728 823 3790; x_wconf 84' lang='lat'>349</span> <span class='ocrx_word' id='word_1_305' title='bbox 872 3722 1007 3787; x_wconf 92' lang='lat' dir='ltr'>‘ille</span> <span class='ocrx_word' id='word_1_306' title='bbox 1051 3722 1324 3791; x_wconf 83' lang='lat' dir='ltr'>inter..</span> <span class='ocrx_word' id='word_1_307' title='bbox 1355 3773 1369 3788; x_wconf 95' lang='lat'>.</span> <span class='ocrx_word' id='word_1_308' title='bbox 1411 3723 1579 3789; x_wconf 86' lang='lat' dir='ltr'>levia</span> <span class='ocrx_word' id='word_1_309' title='bbox 1622 3730 1894 3807; x_wconf 89' lang='lat' dir='ltr'>pectora</span> <span class='ocrx_word' id='word_1_310' title='bbox 1949 3722 2210 3807; x_wconf 90' lang='lat' dir='ltr'>lapsus’.</span> <span class='ocrx_word' id='word_1_311' title='bbox 2313 3724 2462 3788; x_wconf 93' lang='lat' dir='ltr'>VIII</span> <span class='ocrx_word' id='word_1_312' title='bbox 2514 3728 2595 3789; x_wconf 88' lang='grc'>29</span> <span class='ocrx_word' id='word_1_313' title='bbox 2661 3726 2933 3789; x_wconf 88' lang='lat' dir='ltr'>‘Aeneas</span> 
     </span>
     <span class='ocr_line' id='line_1_34' title="bbox 696 3826 3076 3912; baseline -0 -20"><span class='ocrx_word' id='word_1_314' title='bbox 696 3826 1001 3892; x_wconf 87' lang='lat' dir='ltr'>turbatus</span> <span class='ocrx_word' id='word_1_315' title='bbox 1060 3831 1329 3910; x_wconf 90' lang='lat' dir='ltr'>pectora</span> <span class='ocrx_word' id='word_1_316' title='bbox 1400 3827 1611 3892; x_wconf 89' lang='lat' dir='ltr'>bello&#39;.</span> <span class='ocrx_word' id='word_1_317' title='bbox 1713 3834 1837 3893; x_wconf 84' lang='lat'>267</span> <span class='ocrx_word' id='word_1_318' title='bbox 1903 3827 2176 3893; x_wconf 83' lang='lat' dir='ltr'>‘voltum</span> <span class='ocrx_word' id='word_1_319' title='bbox 2236 3827 2598 3912; x_wconf 85' lang='lat' dir='ltr'>villosaque</span> <span class='ocrx_word' id='word_1_320' title='bbox 2659 3828 2858 3892; x_wconf 90' lang='lat' dir='ltr'>saetis</span> <span class='ocrx_word' id='word_1_321' title='bbox 2921 3828 3076 3892; x_wconf 89' lang='lat' dir='ltr'>Pec-</span> 
     </span>
     <span class='ocr_line' id='line_1_35' title="bbox 695 3929 3076 4017; baseline -0.001 -21"><span class='ocrx_word' id='word_1_322' title='bbox 695 3937 846 3996; x_wconf 89' lang='lat' dir='ltr'>tora</span> <span class='ocrx_word' id='word_1_323' title='bbox 904 3929 1227 3995; x_wconf 86' lang='lat' dir='ltr'>semiferi&#39;.</span> <span class='ocrx_word' id='word_1_324' title='bbox 1308 3931 1403 3995; x_wconf 91' lang='lat' dir='ltr'>IX</span> <span class='ocrx_word' id='word_1_325' title='bbox 1450 3936 1571 3996; x_wconf 86' lang='lat'>432</span> <span class='ocrx_word' id='word_1_326' title='bbox 1616 3931 1924 3997; x_wconf 87' lang='lat' dir='ltr'>‘candida</span> <span class='ocrx_word' id='word_1_327' title='bbox 1968 3937 2240 4015; x_wconf 89' lang='lat' dir='ltr'>pectora</span> <span class='ocrx_word' id='word_1_328' title='bbox 2293 3930 2407 4017; x_wconf 90' lang='lat' dir='ltr'>(sc.</span> <span class='ocrx_word' id='word_1_329' title='bbox 2452 3931 2746 4015; x_wconf 86' lang='lat' dir='ltr'>Euryali)</span> <span class='ocrx_word' id='word_1_330' title='bbox 2793 3931 3076 4015; x_wconf 90' lang='lat' dir='ltr'>rumpit’.</span> 
     </span>
     <span class='ocr_line' id='line_1_36' title="bbox 697 4033 3080 4120; baseline -0.001 -19"><span class='ocrx_word' id='word_1_331' title='bbox 697 4036 759 4101; x_wconf 88' lang='lat' dir='ltr'>X</span> <span class='ocrx_word' id='word_1_332' title='bbox 790 4041 869 4101; x_wconf 88' lang='grc'>85</span> <span class='ocrx_word' id='word_1_333' title='bbox 915 4034 1153 4099; x_wconf 90' lang='lat' dir='ltr'>Aeolus</span> <span class='ocrx_word' id='word_1_334' title='bbox 1199 4040 1486 4117; x_wconf 89' lang='lat' dir='ltr'>‘pectora</span> <span class='ocrx_word' id='word_1_335' title='bbox 1529 4085 1542 4099; x_wconf 95' lang='lat'>.</span> <span class='ocrx_word' id='word_1_336' title='bbox 1568 4085 1582 4099; x_wconf 95' lang='lat'>.</span> <span class='ocrx_word' id='word_1_337' title='bbox 1628 4036 1897 4101; x_wconf 83' lang='lat' dir='ltr'>foedans</span> <span class='ocrx_word' id='word_1_338' title='bbox 1942 4035 2216 4120; x_wconf 87' lang='lat' dir='ltr'>pugnis&#39;,</span> <span class='ocrx_word' id='word_1_339' title='bbox 2261 4036 2300 4100; x_wconf 92' lang='lat' dir='ltr'>i.</span> <span class='ocrx_word' id='word_1_340' title='bbox 2334 4036 2380 4099; x_wconf 94' lang='lat' dir='ltr'>I.</span> <span class='ocrx_word' id='word_1_341' title='bbox 2412 4057 2473 4119; x_wconf 90' lang='lat' dir='ltr'>p.</span> <span class='ocrx_word' id='word_1_342' title='bbox 2552 4035 2676 4099; x_wconf 91' lang='lat' dir='ltr'>XII</span> <span class='ocrx_word' id='word_1_343' title='bbox 2719 4040 2840 4101; x_wconf 87' lang='lat'>541</span> <span class='ocrx_word' id='word_1_344' title='bbox 2879 4033 3080 4099; x_wconf 87' lang='lat' dir='ltr'>‘dedit</span> 
     </span>
     <span class='ocr_line' id='line_1_37' title="bbox 698 4136 3079 4230; baseline -0.001 -26"><span class='ocrx_word' id='word_1_345' title='bbox 698 4138 888 4204; x_wconf 83' lang='lat' dir='ltr'>obvia</span> <span class='ocrx_word' id='word_1_346' title='bbox 931 4137 1105 4203; x_wconf 89' lang='lat' dir='ltr'>ferro</span> <span class='ocrx_word' id='word_1_347' title='bbox 1149 4136 1465 4215; x_wconf 90' lang='lat' dir='ltr'>Pectora’.</span> <span class='ocrx_word' id='word_1_348' title='bbox 1543 4144 1661 4203; x_wconf 83' lang='lat'>871</span> <span class='ocrx_word' id='word_1_349' title='bbox 1717 4138 2057 4222; x_wconf 88' lang='lat' dir='ltr'>‘unguibus</span> <span class='ocrx_word' id='word_1_350' title='bbox 2101 4159 2219 4203; x_wconf 91' lang='lat' dir='ltr'>ora</span> <span class='ocrx_word' id='word_1_351' title='bbox 2261 4159 2447 4204; x_wconf 89' lang='lat' dir='ltr'>soror</span> <span class='ocrx_word' id='word_1_352' title='bbox 2489 4137 2758 4230; x_wconf 85' lang='lat' dir='ltr'>foedans</span> <span class='ocrx_word' id='word_1_353' title='bbox 2805 4144 2870 4203; x_wconf 93' lang='lat' dir='ltr'>et</span> <span class='ocrx_word' id='word_1_354' title='bbox 2930 4159 3079 4223; x_wconf 91' lang='lat' dir='ltr'>pec-</span> 
     </span>
     <span class='ocr_line' id='line_1_38' title="bbox 697 4240 3081 4326; baseline -0.001 -19"><span class='ocrx_word' id='word_1_355' title='bbox 697 4249 846 4308; x_wconf 92' lang='lat' dir='ltr'>tora</span> <span class='ocrx_word' id='word_1_356' title='bbox 874 4241 1147 4324; x_wconf 87' lang='lat' dir='ltr'>pugnis&#39;.</span> <span class='ocrx_word' id='word_1_357' title='bbox 1193 4240 1495 4306; x_wconf 84' lang='lat' dir='ltr'>Ovidiu</span> <span class='ocrx_word' id='word_1_358' title='bbox 1514 4264 1544 4306; x_wconf 90' lang='lat' dir='ltr'>s</span> <span class='ocrx_word' id='word_1_359' title='bbox 1572 4265 1672 4326; x_wconf 92' lang='lat' dir='ltr'>pp</span> <span class='ocrx_word' id='word_1_360' title='bbox 1692 4265 1722 4307; x_wconf 92' lang='lat' dir='ltr'>s</span> <span class='ocrx_word' id='word_1_361' title='bbox 1763 4264 1884 4307; x_wconf 88' lang='lat' dir='ltr'>am.</span> <span class='ocrx_word' id='word_1_362' title='bbox 1909 4242 1942 4306; x_wconf 99' lang='lat' dir='ltr'>I</span> <span class='ocrx_word' id='word_1_363' title='bbox 1969 4246 2026 4321; x_wconf 88' lang='lat'>2,</span> <span class='ocrx_word' id='word_1_364' title='bbox 2062 4248 2100 4308; x_wconf 88' lang='lat'>8</span> <span class='ocrx_word' id='word_1_365' title='bbox 2133 4249 2454 4326; x_wconf 90' lang='lat' dir='ltr'>‘possessa</span> <span class='ocrx_word' id='word_1_366' title='bbox 2479 4292 2493 4305; x_wconf 96' lang='lat'>.</span> <span class='ocrx_word' id='word_1_367' title='bbox 2521 4292 2534 4305; x_wconf 96' lang='lat'>.</span> <span class='ocrx_word' id='word_1_368' title='bbox 2560 4245 2830 4324; x_wconf 90' lang='lat' dir='ltr'>pectora</span> <span class='ocrx_word' id='word_1_369' title='bbox 2857 4248 3081 4307; x_wconf 85' lang='lat' dir='ltr'>versat</span> 
     </span>
     <span class='ocr_line' id='line_1_39' title="bbox 699 4344 3078 4427; baseline -0 -17"><span class='ocrx_word' id='word_1_370' title='bbox 699 4345 942 4427; x_wconf 88' lang='lat' dir='ltr'>Amor’‚</span> <span class='ocrx_word' id='word_1_371' title='bbox 988 4366 1075 4409; x_wconf 89' lang='lat' dir='ltr'>sc.</span> <span class='ocrx_word' id='word_1_372' title='bbox 1120 4348 1373 4427; x_wconf 90' lang='lat' dir='ltr'>poetae.</span> <span class='ocrx_word' id='word_1_373' title='bbox 1467 4347 1687 4410; x_wconf 91' lang='lat' dir='ltr'>Anteit</span> <span class='ocrx_word' id='word_1_374' title='bbox 1727 4368 1784 4409; x_wconf 85' lang='lat' dir='ltr'>v.</span> <span class='ocrx_word' id='word_1_375' title='bbox 1835 4351 1869 4409; x_wconf 89' lang='lat'><strong>7</strong></span> <span class='ocrx_word' id='word_1_376' title='bbox 1917 4347 2010 4409; x_wconf 89' lang='lat' dir='ltr'>‘in</span> <span class='ocrx_word' id='word_1_377' title='bbox 2055 4345 2306 4410; x_wconf 88' lang='lat' dir='ltr'>corde</span> <span class='ocrx_word' id='word_1_378' title='bbox 2352 4346 2632 4427; x_wconf 88' lang='lat' dir='ltr'>sagittae</span> <span class='ocrx_word' id='word_1_379' title='bbox 2677 4344 3078 4409; x_wconf 80' lang='lat' dir='ltr'>haeserunt’.</span> 
     </span>
     <span class='ocr_line' id='line_1_40' title="bbox 701 4444 3080 4534; baseline -0 -21"><span class='ocrx_word' id='word_1_380' title='bbox 701 4449 768 4513; x_wconf 92' lang='lat'>11</span> <span class='ocrx_word' id='word_1_381' title='bbox 813 4453 913 4527; x_wconf 89' lang='grc'>10,</span> <span class='ocrx_word' id='word_1_382' title='bbox 959 4454 1034 4513; x_wconf 88' lang='grc'>31</span> <span class='ocrx_word' id='word_1_383' title='bbox 1086 4447 1271 4512; x_wconf 91' lang='lat' dir='ltr'>miles</span> <span class='ocrx_word' id='word_1_384' title='bbox 1320 4447 1644 4513; x_wconf 86' lang='lat' dir='ltr'>‘induerat</span> <span class='ocrx_word' id='word_1_385' title='bbox 1829 4451 2160 4515; x_wconf 82' lang='lat' dir='ltr'>contraria</span> <span class='ocrx_word' id='word_1_386' title='bbox 2203 4454 2475 4534; x_wconf 87' lang='lat' dir='ltr'>pectora</span> <span class='ocrx_word' id='word_1_387' title='bbox 2513 4444 2704 4513; x_wconf 89' lang='lat' dir='ltr'>telis&#39;.</span> <span class='ocrx_word' id='word_1_388' title='bbox 2763 4448 2858 4513; x_wconf 94' lang='lat' dir='ltr'>III</span> <span class='ocrx_word' id='word_1_389' title='bbox 2900 4452 2959 4527; x_wconf 88' lang='lat'>2,</span> <span class='ocrx_word' id='word_1_390' title='bbox 2996 4453 3080 4513; x_wconf 89' lang='lat'>40</span> 
     </span>
    </p>
   </div>
  </div>
 </body>
</html>
