3325 5359
1659 361 2049 422 -6-

670 539 738 600 et
782 533 1262 600 abstractorum
1300 535 1366 596 et
1409 531 1699 596 locorum
1745 534 1811 594 et
1853 529 2188 612 regionum
2235 523 2803 609 amplificationem
2849 523 3047 590 deno-

668 637 800 704 tari
843 641 1080 703 censet.
1146 635 1364 701 Tertio
1407 635 1476 699 in
1538 635 1752 717 capite
1798 633 1937 716 agit
1982 631 2095 698 ‘de
2157 629 2520 715 pluralibus
2581 629 3048 713 magnitudinis

669 741 1009 827 gravitatis
1072 738 1517 823 praestantiae
1582 736 2132 821 pulchritudinis’.
2243 734 2437 800 Cuius
2502 735 2585 801 ad
2659 737 3044 802 sententiam

669 844 925 912 accedit
968 843 1085 908 Ph.
1133 843 1415 926 Spitta
1456 842 1523 907 in
1569 839 2060 924 quaestionibus
2107 838 2495 923 Vergilianis
2518 840 2568 924 1)
2614 860 2823 924 neque
2866 841 3046 908 illam

668 947 770 1015 vel
816 945 1216 1032 amplificare
1267 950 1464 1029 atque
1511 944 1861 1010 extendere
1920 944 2220 1028 neglegit.
2310 943 2476 1008 Nam
2521 943 2628 1009 hic
2672 945 2771 1009 vir
2816 945 3047 1014 doctus

666 1051 907 1137 plurali
960 1051 1087 1116 vim
1147 1049 1417 1134 epitheti
1470 1048 1645 1133 quod
1710 1053 1982 1114 vocatur
2039 1047 2329 1112 ornantis
2389 1046 2751 1114 attribuere
2802 1052 3047 1118 veritus

667 1176 794 1221 non
826 1159 944 1221 est.
995 1152 1218 1219 Verba
1243 1153 1446 1237 ipsius
1478 1151 1708 1218 audias
1732 1152 1820 1236 (p.
1845 1154 1944 1235 4):
1966 1148 2153 1235 ‘quid
2176 1153 2371 1217 vero?
2417 1153 2471 1218 si
2496 1153 2672 1237 apud
2690 1153 3044 1238 Vergilium

669 1259 1045 1344 saepissime
1122 1277 1388 1322 numero
1470 1257 1796 1340 plurativo
1870 1255 2083 1340 posito
2159 1255 2548 1322 adiectivum
2626 1259 3044 1340 significetur,

671 1361 846 1447 quod
877 1361 1156 1427 notionis
1186 1361 1551 1426 distinctius
1581 1361 1968 1426 indicandae
2000 1365 2197 1443 atque
2228 1360 2635 1427 extollendae
2666 1362 3043 1431 inserviat?

665 1465 903 1550 Magno
950 1486 1030 1531 ex
1075 1485 1342 1530 numero
1374 1464 1816 1548 exemplorum
1850 1485 2018 1547 quae
2059 1463 2425 1529 afferuntur
2454 1465 2540 1529 ad
2581 1465 2752 1531 hanc
2788 1475 3043 1535 senten-

664 1569 824 1636 tiam
883 1568 1296 1648 fulciendam,
1355 1589 1554 1634 unum
1599 1588 2138 1634 commemorasse
2185 1549 2345 1632 sati‘s
2401 1568 2631 1635 habeo.
2723 1570 2823 1637 Ad
2868 1575 3043 1640 vocis

654 1671 980 1740 ‘vulnera’
1024 1671 1344 1757 pluralem
1388 1671 1848 1737 illustrandum
1881 1692 2081 1756 supra
2124 1671 2435 1737 nonnulla
2478 1675 2776 1759 exempla
2819 1683 3044 1760 protn-

663 1776 875 1857 limus,
922 1797 1090 1860 quae
1133 1775 1313 1841 nulla
1343 1775 1474 1840 alia
1504 1774 1586 1840 de
1616 1795 1817 1841 causa
1858 1774 2180 1858 pluralem
2222 1783 2610 1859 usurpatum
2657 1798 2798 1844 esse
2830 1786 3044 1846 osten-

665 1879 829 1946 dunt
887 1901 966 1945 ac
1023 1882 1294 1964 propter
1348 1883 1647 1944 metrum.
1750 1880 2038 1962 Spitta
2101 1884 2319 1944 autem
2380 1882 2469 1964 (p.
2522 1881 2627 1965 16)
2675 1880 3043 1949 ‘numerum

662 1983 983 2069 pluralem
1029 1981 1391 2048 adhibitum
1441 2003 1582 2048 esse
1626 1982 1713 2048 ad
1758 1982 2122 2066 augendam
2180 1983 2460 2048 notionis
2504 1986 2887 2068 qualitatem
2928 1989 3043 2068 ita,

661 2092 737 2153 ut
777 2087 1120 2153 vulnera
1164 2086 1301 2152 fere
1347 2087 1478 2152 sint
1518 2086 1695 2151 idem
1726 2091 1925 2170 atque
1969 2086 2275 2152 vulnus
2319 2087 2635 2154 letale’.
2710 2089 2845 2156 Nec
2888 2113 3043 2158 vero

656 2198 918 2276 semper
962 2190 1172 2257 latere
1198 2191 1268 2254 in
1295 2190 1673 2255 vulneribus
1716 2191 2044 2255 notionem
2077 2192 2304 2257 mortis
2336 2197 2659 2275 oportere,
2701 2193 2815 2259 sed
2848 2196 3043 2280 signi-

658 2294 859 2360 ficare
888 2314 1086 2378 posse
1111 2314 1446 2359 numerum
1482 2294 1679 2359 etiam
1710 2314 1959 2377 grave
1993 2317 2035 2378 p
2058 2295 2735 2380 ericulosumque
2762 2300 3042 2366 vulnus’.

663 2400 951 2479 Quorum
1023 2398 1309 2463 virorum
1385 2397 1724 2463 doctorum
1799 2397 1884 2463 ad
1957 2400 2311 2464 sententias
2380 2421 2651 2485 prorsus
2724 2403 3045 2469 accedunt

661 2502 737 2569 G.
786 2500 1520 2585 Overholthausss),
1586 2501 1691 2565 Fr.
1742 2501 2034 2587 Sassss),
2102 2502 2174 2568 R.
2227 2502 2903 2592 Braumueller4),
2968 2509 3041 2574 E.

661 2605 1004 2691 Seyss5),
1052 2605 1164 2688 qui
1209 2605 1667 2670 antecedentes
1714 2625 1935 2671 omnes
1978 2604 2157 2671 miris
2202 2607 2336 2672 suis
2393 2608 3042 2698 interpretationibus

659 2709 815 2775 vicit
873 2713 940 2774 et
1003 2730 1288 2774 summas
1354 2709 1636 2792 ineptias
1698 2708 1822 2775 sibi
1882 2710 2195 2792 permisit.
2299 2710 2653 2777 Praeterea
2716 2712 2841 2778 hoc
2900 2715 3041 2780 loco

660 2812 994 2879 asserendi
1038 2817 1189 2877 sunt
1231 2811 1336 2877 Fr.
1377 2810 1846 2897 Kuehnerss)
1894 2818 1959 2878 et
1998 2813 2101 2877 Fr.
2149 2813 2884 2902 Neue-wagner⁷)‚
2931 2820 3043 2902 qui

661 2916 784 2981 viri
828 2915 1004 2981 docti
1049 2936 1269 2981 omnes
1315 2935 1731 2981 numerorum
1772 2916 1867 2981 illi
1917 2919 2382 3001 permutationi
2426 2939 2652 2986 sensus
2697 2920 3040 2988 discrimen

661 3018 1045 3088 attribuunt.

833 3141 941 3206 Sic
994 3143 1126 3206 iam
1184 3143 1594 3225 pervenimus
1639 3141 1725 3206 ad
1773 3162 1882 3206 eos
1925 3142 2096 3206 viros
2158 3143 2383 3208 doctos
2444 3144 2618 3225 apud
2682 3164 2843 3226 quos
2890 3165 3040 3210 con-

657 3245 867 3310 traria
925 3245 1094 3309 ratio
1158 3243 1348 3322 valet,
1407 3245 1519 3327 qui
1576 3245 1850 3309 alteram
1897 3265 1937 3308 a
1985 3231 2203 3327 priore
2264 3245 2520 3309 omnino
2580 3244 3037 3312 abhorrentem

657 3348 1051 3434 profitentur
1096 3348 1503 3413 sententiam.
1579 3347 1793 3429 Atque
1823 3347 2033 3430 primo
2063 3346 2205 3410 loco
2248 3346 2404 3409 mihi
2436 3349 3039 3416 commemorandus

659 3457 761 3518 est
802 3452 851 3516 I.
883 3450 948 3516 C.
978 3450 1333 3533 Koeness)
1381 3451 1492 3534 qui
1528 3451 1626 3515 vir
1658 3450 2069 3514 doctissimus
2113 3451 2361 3532 primus
2403 3449 2595 3515 huius
2641 3451 3039 3533 quaestionis

658 3575 878 3620 veram
910 3561 1212 3620 naturam
1244 3560 1423 3619 recte
1448 3553 1788 3633 intellexit,
1826 3553 1939 3618 sed
1970 3553 2247 3617 frustra:
2293 3573 2422 3617 non
2453 3553 2808 3620 audiebant
2836 3554 3037 3621 illum.

659 3657 858 3724 Cuius
900 3658 970 3722 in
1012 3657 1257 3741 optimo
1302 3656 1472 3722 libro
1505 3656 1816 3740 exemplis
1858 3656 2359 3737 demonstratur,
2402 3663 2634 3741 poetas
2664 3656 3040 3743 dactylicos,

832 3883 882 3949 1)
923 3873 1339 3936 Sondershusae
1377 3883 1528 3936 1867.

827 3971 883 4037 2)
922 3968 1183 4038 Syntaxis
1220 3967 1564 4022 Catullianae
1600 3969 1787 4038 capita
1822 3968 1949 4037 duc,
1984 3967 2339 4038 Papenburgi
2378 3970 2526 4023 1875.

827 4056 883 4123 3)
920 4053 1009 4108 De
1042 4071 1272 4108 numero
1308 4054 1527 4123 plurali,
1561 4053 1826 4108 Kiloniae
1865 4056 2014 4109 1873.

829 4143 885 4209 4)
925 4140 1113 4194 Ueber
1149 4139 1374 4209 Tropen
1409 4140 1526 4193 und
1559 4139 1804 4210 Figuren
1838 4142 1897 4192 in
1932 4139 2157 4210 Vergils
2199 4141 2420 4211 Aeneis,
2458 4140 2604 4195 Berl.
2644 4143 2793 4197 1875.

831 4229 883 4294 5)
919 4225 1111 4281 Ueber
1136 4225 1243 4280 den
1263 4225 1449 4279 Plural
1473 4226 1574 4280 der
1593 4225 1781 4281 Subst.
1801 4226 2108 4281 Abstracta
2129 4228 2188 4280 in
2208 4227 2431 4296 Vergils
2451 4227 2675 4297 Aeneis,
2703 4223 2837 4282 1882
2859 4228 3041 4300 Iglau.

827 4315 883 4381 6)
923 4311 1209 4366 Ausfiihrl.
1248 4312 1432 4366 Gram.
1472 4311 1525 4365 d.
1560 4312 1656 4366 lat.
1692 4312 1836 4382 Spr.,
1871 4311 2175 4367 Hannover
2213 4314 2363 4368 1878.
2402 4312 2467 4366 II
2503 4315 2586 4368 23.

829 4401 884 4468 7)
922 4398 1203 4453 Formenl.
1240 4398 1292 4452 d.
1326 4397 1421 4453 lat.
1465 4397 1610 4468 Spr.,
1645 4398 1799 4468 Lips.
1826 4401 1849 4433 ⁸
1884 4401 2033 4452 1902.
2072 4399 2105 4452 Ι
2144 4401 2258 4452 103.

833 4487 887 4554 8)
925 4485 1113 4540 Ueber
1149 4484 1238 4539 die
1274 4483 1525 4555 Sprache
1562 4484 1615 4539 d.
1650 4494 1791 4540 rom.
1825 4484 2047 4555 Epiker,
2085 4483 2341 4544 Miinster
2377 4487 2528 4540 1840.
