3325 5359
1691 352 2130 413 ...14-

719 520 909 603 Verg.
935 520 1045 583 Ae.
1063 518 1154 585 IV
1177 524 1218 584 4
1237 517 1424 585 ‘litus
1459 519 1526 583 in
1553 516 1961 604 Hesperium'
1996 516 2507 604 cferesperi'a’,
2540 524 2609 585 et
2630 518 2749 584 VII
2778 524 2899 585 198
2922 516 3105 584 ‘litus

721 622 805 687 ad
839 620 1210 688 Ausonium'
1250 622 1366 687 cfr.
1387 620 1752 703 ‘Ausonia’‚
1800 627 1869 688 et
1898 627 2021 688 229
2043 622 2111 687 ‘1.
2138 672 2151 687 .
2179 673 2193 687 .
2224 622 2593 689 innocuum’
2632 624 2746 689 cfr.
2776 619 3100 687 innocua’.

718 726 914 791 Cuius
974 726 1228 808 generis
1290 726 1588 809 exempla
1650 726 1827 809 apud
1874 726 2172 791 Ovidium
2235 726 2561 810 permulta
2622 731 2866 806 extant,
2928 725 3105 791 velut

717 830 902 913 epist.
935 829 1116 896 XVII
1149 834 1233 896 50
1261 816 1572 895 ‘Icarium
1614 826 1671 893 1.’
1726 834 1875 895 met.
1907 829 2025 895 XV
2059 835 2138 894 77
2174 828 2244 893 Ἰ.
2282 828 2656 896 Ausonium'
2706 830 2855 895 fast.
2888 830 2943 895 V
2976 834 3099 895 656

709 930 1118 999 ‘Inachium'.
1172 970 1262 981 —
1305 932 1545 1016 Vergil.
1590 932 1705 998 Ae.
1742 933 1831 998 IX
1880 939 2003 1001 417
2058 931 2265 998 ‘aliud
2298 983 2312 998 .
2346 982 2361 999 .
2394 930 2641 1014 telum'‚
2688 934 2843 1017 quia
2893 933 3103 999 forma

716 1034 897 1101 ‘alia'
949 1057 1080 1103 non
1110 1041 1210 1103 est
1240 1041 1414 1121 apta.
1491 1036 1588 1101 De
1620 1036 1849 1103 eadem
1891 1057 1965 1102 re
1996 1036 2327 1111 antecedit
2356 1038 2537 1121 (409)
2557 1034 2768 1102 ‘tela'.
2862 1036 3101 1104 Videas

720 1160 978 1223 quoque
1024 1142 1135 1205 Ae.
1182 1140 1272 1207 VI
1321 1145 1398 1206 13
1457 1139 1690 1206 ‘aurea
1734 1138 1914 1206 tela'.
1972 1178 2058 1191 --
2118 1140 2307 1224 Verg.
2357 1143 2468 1206 Ae.
2515 1140 2604 1205 IV
2646 1145 2773 1205 486
2820 1138 3099 1225 ‘sopori-

714 1243 1052 1327 ferumque
1109 1241 1444 1328 papaver’3
1491 1244 1606 1309 cfr.
1649 1245 1818 1329 plur.
1873 1240 2314 1327 ‘soporifera'.
2405 1243 2719 1310 Similiter
2766 1244 2880 1309 Ov.
2926 1244 3093 1309 trist.

718 1347 774 1413 V
837 1352 894 1427 2,
959 1352 1060 1413 24.
1119 1386 1204 1397 —
1273 1349 1548 1431 Saepius
1614 1348 1786 1412 enim
1852 1368 2045 1431 quam
2114 1347 2461 1430 singularis
2522 1348 2699 1426 vocis
2756 1345 3099 1432 ‘papaver’

721 1454 907 1515 extat
949 1449 1221 1534 pluralis
1267 1452 1374 1535 qui
1427 1472 1572 1517 cum
1619 1457 1687 1517 et
1731 1451 1992 1517 theseos
2054 1450 2369 1535 syllabam
2414 1450 2678 1517 brevem
2742 1457 2808 1517 et
2851 1472 3099 1516 merum

720 1553 1043 1637 daclylum
1103 1554 1397 1638 expleat,
1471 1555 1870 1621 commodior
1932 1561 2075 1621 erat
2136 1556 2365 1638 poetis.
2486 1554 2614 1620 Sed
2680 1555 2840 1620 locis
2900 1574 3101 1639 supra

715 1656 932 1723 allatis
991 1664 1268 1723 metrum
1329 1680 1457 1724 non
1517 1658 1909 1723 admittebat
1941 1658 2261 1742 pluralem
2308 1658 2482 1741 quod
2538 1658 2925 1724 attributum
2984 1659 3101 1723 tri-

718 1759 1008 1846 brachyn
1048 1762 1392 1846 pluraliter
1439 1763 1787 1827 contineat.
1868 1760 2182 1828 ‘Harena’
2208 1763 2411 1828 *vocis
2462 1762 2788 1845 plurativo
2831 1783 3099 1827 numero

716 1870 952 1947 poetae
997 1867 1374 1949 saepissime
1415 1871 1719 1946 utuntur,
1780 1868 1889 1931 sed
1938 1863 2264 1931 inte'rdum
2314 1865 2827 1931 additamentum
2880 1866 3099 1949 plura-

715 1967 866 2033 liter
929 1969 1128 2035 inseri
1187 1990 1314 2033 non
1373 1974 1592 2052 potest
1634 1976 1867 2050 metro,
1930 1970 2107 2034 velut
2147 1970 2259 2035 Ov.
2306 1970 2475 2035 trist.
2520 1969 2550 2032 I
2596 1976 2654 2049 4,
2700 1975 2736 2034 6
2773 1967 2991 2034 ‘eruta
3035 2019 3049 2033 .
3084 2018 3098 2033 .

713 2070 979 2137 harena'
1044 2072 1210 2156 plur.
1258 2078 1474 2150 autem
1542 2074 1851 2138 creticum
1900 2073 2101 2138 efficit
2148 2071 2405 2138 ‘erutae
2422 2072 2454 2137 ’.
2562 2072 2817 2137 Pariter
2879 2094 2985 2137 res
3028 2093 3097 2137 se

717 2174 922 2240 habet
975 2176 1044 2239 in
1089 2197 1245 2253 voce
1277 2172 1504 2256 ‘cera'‚
1552 2197 1721 2259 quae
1782 2199 1927 2241 cum
1966 2177 2138 2241 idem
2185 2176 2504 2260 significet
2563 2197 2641 2241 ac
2684 2175 2949 2241 tabulas
2995 2198 3099 2241 ce-

713 2284 912 2359 ratae,
977 2279 1249 2363 pluralis
1298 2286 1735 2363 exspectatur,
1780 2281 1894 2346 sed
1926 2280 2192 2346 Ovidius
2241 2301 2364 2345 am.
2397 2279 2429 2344 I
2476 2286 2575 2359 11,
2604 2282 2688 2347 20
2731 2279 2856 2344 hoc
2902 2301 3094 2345 sensu

715 2382 1106 2466 singularem
1153 2382 1466 2447 adhibere
1505 2389 1771 2449 coactus
1817 2389 1918 2449 est
1947 2389 2217 2467 propter
2248 2383 2637 2449 attributum
2670 2382 2844 2467 quod
2872 2384 3091 2469 plura·

711 2485 864 2551 liter
908 2487 1132 2551 cretici
1179 2507 1378 2552 causa
1423 2492 1631 2551 metro
1678 2488 1981 2571 adaptari
2026 2509 2151 2552 non
2184 2492 2430 2571 potest:
2476 2486 2849 2571 ‘splendida
2894 2484 3099 2568 cera';

715 2588 828 2654 cfr.
897 2592 1062 2672 plur.
1119 2588 1576 2673 ‘splendidffizss
1643 2629 1730 2640 --
1797 2591 1909 2656 Ov.
1971 2590 2119 2655 fast.
2178 2593 2216 2658 I
2279 2596 2397 2657 192
2445 2589 2601 2655 ‘mel
2670 2587 2939 2656 dulcius’
3012 2629 3099 2638 —

716 2700 983 2776 praeter
1025 2694 1086 2757 h.
1133 2694 1172 2757 1.
1219 2694 1566 2777 singularis
1612 2698 1867 2759 tantum
1911 2694 2092 2759 Pont.
2133 2695 2221 2760 IV
2268 2699 2325 2775 2,
2374 2699 2427 2771 9
2471 2698 2622 2759 ante
2681 2694 2968 2759 vocalem
3012 2732 3101 2743 —

717 2796 930 2861 forma
964 2794 1306 2861 ‘dulciora’
1356 2802 1564 2861 metro
1611 2802 1952 2881 repugnat.
1984 2836 2064 2845 —
2099 2798 2293 2864 Vocis
2342 2794 2683 2863 ‘murmur'
2749 2798 2915 2882 plur.
2962 2797 3101 2880 ple-

713 2921 985 2983 rumque
1031 2900 1396 2982 exhibetur,
1443 2922 1610 2985 quae
1656 2901 1870 2967 forma
1913 2907 2185 2985 propter
2226 2924 2476 2967 merum
2510 2901 2835 2986 dactylum
2886 2902 3099 2984 poetis

717 3011 817 3069 est
861 3005 1250 3087 gratissima,
1297 3005 1410 3071 sed
1457 3027 1918 3089 nonnunquam
1973 3006 2099 3071 hac
2144 3006 2355 3071 forma
2401 3005 2690 3089 pleniore
2736 3006 3098 3088 privantur,

720 3129 860 3172 cum
897 3107 1284 3173 attributum
1322 3096 1466 3174 eam
1499 3131 1627 3174 non
1659 3110 1980 3188 admittat,
2021 3110 2199 3175 velut
2229 3109 2340 3174 Ov.
2364 3130 2421 3173 a.
2449 3130 2507 3173 a.
2538 3109 2599 3171 II
2633 3113 2753 3173 723
2778 3106 3101 3173 ‘murmur

715 3261 729 3275 .
764 3261 778 3275 .
849 3209 1150 3276 amabile’
1227 3213 1340 3275 cfr.
1394 3210 1776 3277 ‘amabilia’.
1885 3213 2061 3277 Idem
2130 3212 2548 3277 iudicandum
2616 3218 2716 3275 est
2774 3211 2855 3277 de
2922 3211 3102 3276 vocis

705 3311 1015 3379 ‘numina'
1071 3336 1224 3379 usu:
1287 3315 1400 3379 ubi
1460 3321 1693 3399 poetae
1756 3336 1791 3380 e
1835 3316 2161 3399 plurativo
2216 3335 2484 3381 numero
2538 3314 2911 3395 lucrantur,
2974 3313 3101 3379 sibi

716 3419 1104 3502 permittunt
1145 3418 1318 3483 hunc
1362 3440 1735 3501 numerum3
1796 3425 1861 3484 et
1907 3419 2237 3483 contraria
2280 3418 2533 3483 ratione
2586 3424 2837 3501 ponunt
2880 3419 3101 3502 singu-

717 3522 939 3601 larem,
986 3522 1098 3585 ubi
1129 3521 1516 3587 attributum
1548 3522 1821 3606 pluralis
1853 3544 2039 3587 usum
2073 3521 2375 3586 excludit.
2422 3522 2718 3605 Exempli
2753 3544 2952 3588 causa
2985 3522 3098 3587 Ov.

713 3626 897 3709 epist.
926 3624 1042 3713 XV
1075 3631 1150 3690 18
1172 3623 1340 3690 ‘leve
1371 3622 1487 3707 n.';.
1519 3626 1632 3691 cfr.
1663 3626 1851 3691 levia.
1898 3631 2047 3690 met.
2080 3626 2168 3692 IV
2194 3631 2313 3691 451
2356 3623 2799 3709 ‘implacabile
2828 3623 2928 3707 n.';
2976 3626 3093 3689 cfr.

702 3726 1189 3812 ‘implacabilia’
1237 3731 1403 3794 trist.
1449 3730 1512 3793 II
1557 3736 1670 3795 141
1711 3728 2063 3813 ‘placabile
2106 3728 2189 3795 n.'
2242 3730 2298 3796 V
2331 3734 2387 3810 3,
2423 3735 2505 3795 46
2554 3735 2620 3794 et
2660 3736 2751 3809 11,
2786 3736 2868 3795 20
2904 3728 3097 3796 ‘Offe-

711 3836 966 3896 saresim
1014 3831 1114 3913 n.’;
1161 3832 1276 3898 cfr.
1323 3832 1661 3898 Caesarea.
1733 3833 1860 3898 Sed
1909 3833 2135 3898 eodem
2181 3854 2371 3899 sensu
2414 3833 2580 3917 plur.
2619 3833 2897 3898 Pont.11
2928 3842 2985 3915 8,
3014 3841 3095 3900 37

703 3933 848 3999 ‘tua
882 3984 896 3999 .
931 3985 944 3998 .
978 3934 1261 4001 numina’
1321 3936 1463 4021 (cfr.
1519 3937 1844 4021 indicem).
1952 3937 2341 4021 Saepissime
2402 3938 2575 4002 vocis
2626 3935 2753 4002 ‘os'
2823 3938 3099 4021 pluralis

714 4040 1014 4119 occurrit,
1060 4043 1446 4123 praesertim
1481 4061 1624 4105 cum
1657 4046 1893 4124 poetae
1925 4040 2386 4126 monosyllabis
2425 4028 2806 4124 praeferant
2850 4042 3098 4107 formas

710 4142 1051 4225 pleniores.
1171 4144 1414 4208 Tamen
1470 4144 1801 4209 interdum
1861 4144 1975 4209 ubi
2033 4144 2305 4227 pluralis
2372 4148 2641 4227 propter
2702 4144 3095 4210 attributum

713 4251 922 4310 metro
968 4248 1333 4330 respuitur,
1397 4248 1745 4331 singularis
1788 4249 2081 4331 ponitur,
2146 4248 2322 4313 velut
2368 4248 2478 4312 Ov.
2528 4252 2676 4311 met.
2718 4248 2776 4313 V
2822 4254 2948 4315 234
2984 4248 3097 4313 ‘ti-

712 4350 954 4415 midum
997 4399 1060 4415 ..
1123 4347 1216 4414 os’
1268 4356 1537 4435 propter
1581 4350 1960 4436 tribrachyn
2009 4348 2314 4437 ftimida'.
2429 4351 2520 4414 XI
2570 4357 2647 4415 57
2697 4348 3091 4436 ‘expositum

713 4450 831 4537 os’;
898 4453 1010 4517 cfr.
1081 4458 1393 4537 exposita.
1485 4454 1777 4538 Itemque
1844 4456 2019 4521 vocis
2078 4452 2354 4539 ‘pectus’
2426 4454 2770 4537 singularis
2833 4453 3092 4534 saepius
